2982 3685
1305 223 1559 263 „5-

383 337 495 380 Item
529 337 720 380 sehabet
748 337 865 380 Ann.
896 336 920 379 I
950 338 1018 380 38.
1077 334 1222 378 Atin
1253 333 1496 380 Chaucis
1526 342 1857 392 coeptavere
1888 334 2223 379 seditionem
2252 334 2604 393 praesidium

270 409 553 467 agitantes
583 409 878 454 vexillarii
907 408 1250 454 discordium
1279 408 1586 466 legionum.
1615 408 1781 453 Eadem
1798 407 1860 452 illi
1891 423 1941 453 ac
1970 407 2129 452 vexilla
2155 408 2506 454 Pannonicarum
2536 407 2603 451 le-

270 483 448 541 gionum
479 483 725 528 conditione
754 483 1019 541 praesidium
1048 482 1249 541 agitaturi
1278 483 1320 528 h.
1351 497 1387 527 e.
1405 484 1459 527 ad
1491 482 1633 527 officia
1662 481 1860 525 militaria
1889 482 1932 525 in
1960 480 2147 526 confinio
2178 481 2367 526 hostium
2397 481 2599 526 obeunda

270 562 312 600 et
340 572 367 601 a
395 554 641 615 legionibus
671 556 860 615 separati
891 555 971 602 sub
1001 556 1183 616 proprio
1212 564 1334 602 erant
1362 556 1520 603 vexillo
1553 569 1719 613 suoque
1746 555 1964 615 praefecto
1994 562 2247 600 castrorum.
2289 554 2424 611 Quod
2453 564 2596 599 autem

268 628 499 674 Walchius
528 630 556 674 l.
586 629 614 674 l.
645 629 813 675 nullum
842 629 961 675 aliud
1002 630 1186 675 militum
1214 645 1351 689 genus
1379 628 1461 675 nisi
1501 636 1726 675 veteranos
1755 629 1935 687 intelligi
1963 630 2078 682 vult,
2119 629 2227 672 nihil
2243 629 2386 672 attulit
2418 630 2487 672 vir
2514 630 2593 671 do-

269 705 498 757 ctissimus,
530 718 617 761 quo
648 705 899 748 sententiam
931 719 1034 748 sane
1060 704 1272 748 lubricam
1307 705 1409 748 satis
1439 705 1633 749 muniret.
1664 703 1836 747 Idcirco
1866 703 1980 746 enim
2009 703 2238 746 rebellasse
2268 703 2423 745 milites
2437 733 2449 755 ,
2481 703 2599 759 quod

273 777 420 821 audita
448 785 688 822 ceterorum
719 778 922 822 missione
954 791 1042 821 non
1072 785 1114 820 et
1143 778 1265 835 ipsos
1293 778 1448 821 missos
1487 792 1581 821 esse
1609 777 1873 820 audivissent
1889 808 1899 828 ‚
1930 791 2070 833 neque
2109 791 2163 819 ex
2192 778 2416 836 scriptoris
2445 776 2593 819 verbis

270 858 450 908 apparet
479 858 522 893 et
550 851 784 894 earundem
813 850 1034 908 legionum
1065 851 1254 893 veterani
1285 865 1320 893 c.
1351 853 1406 894 35
1437 851 1635 894 distincte
1665 858 1970 893 memorantur.
1993 851 2046 907 ¹⁹)

384 923 569 968 Accedit
597 923 720 969 locus
748 923 1029 981 gravissimus
1073 923 1127 967 ab
1157 923 1396 968 editoribus
1443 924 1569 968 valde
1610 932 1789 969 vexatus
1844 923 1973 981 Agr.
2008 924 2083 966 18.
2115 922 2191 966 ubi
2220 924 2454 982 imperator
2496 937 2596 966 cum

224 1045 232 1054 ,
270 996 412 1041 media
440 1004 598 1042 aestate
627 997 672 1041 in
704 997 971 1041 Britanniam
1002 1007 1296 1056 transgressus
1326 998 1479 1042 milites
1509 999 1595 1042 iam
1637 1013 1717 1057 per
1744 998 2011 1057 provinciam
2052 997 2306 1039 distributos
2343 997 2590 1049 invenisset,

270 1071 505 1116 exercitum
524 1086 679 1130 cogere
695 1073 927 1116 constituit.
959 1073 1106 1118 Verba
1120 1080 1263 1116 autem
1281 1073 1387 1117 haec
1405 1081 1527 1121 sunt:
1560 1072 1636 1116 Co
1651 1071 2013 1128 ntractisque
2043 1070 2329 1129 legionum
2358 1071 2596 1114 vexillis

271 1152 322 1187 et
352 1145 569 1188 modica
598 1146 936 1188 auxiliorum
966 1162 1137 1199 manu,
1165 1148 1295 1204 quia
1324 1148 1377 1189 in
1406 1162 1635 1204 aequum
1681 1147 1918 1205 degredi
1950 1145 1992 1189 O
2014 1146 2275 1188 rdovices
2306 1159 2412 1187 non
2443 1145 2603 1186 aude-

271 1218 416 1269 bant,
446 1219 567 1274 ipse
597 1228 720 1261 ante
749 1234 953 1277 agmen,
985 1236 1090 1276 quo
1121 1222 1330 1263 ceteris
1359 1237 1456 1278 par
1476 1222 1693 1263 animus
1715 1221 1893 1262 simili
1923 1220 2174 1277 periculo
2205 1229 2369 1269 esset,
2422 1219 2604 1260 erexit

270 1292 453 1334 aciem.
514 1291 615 1346 Qua
645 1293 699 1335 de
729 1309 860 1336 causa
888 1294 1106 1351 legionum
1134 1294 1291 1337 vexilla
1320 1303 1547 1337 veteranos
1558 1294 1797 1337 necessario
1828 1293 1959 1336 fuisse
1990 1309 2089 1336 cum
2107 1292 2311 1336 Walchio
2344 1299 2597 1341 statuamus,

271 1380 338 1407 me
371 1366 544 1420 quidem
574 1368 744 1422 assequi
774 1383 860 1409 non
892 1382 1034 1423 posse,
1088 1369 1275 1425 ingenue
1304 1368 1453 1410 fateor.
1514 1368 1635 1422 Quid
1664 1369 1807 1411 enim?
1849 1384 1935 1410 non
1966 1367 2196 1410 contractis
2225 1365 2469 1424 legionibus
2498 1364 2606 1422 ipsis

272 1437 389 1479 solos
423 1445 665 1489 veteranos,
697 1440 816 1481 senio
847 1439 1065 1482 confectos
1113 1441 1158 1481 in
1188 1447 1307 1482 tanto
1337 1455 1482 1483 rerum
1524 1442 1770 1484 discrimine
1808 1442 2038 1483 adscivisse
2069 1439 2322 1497 Agricolam
2353 1452 2600 1494 unquamne

272 1509 472 1565 cuiquam
503 1510 861 1566 persuadebitur?
909 1510 1206 1568 Opponuntur
1247 1512 1438 1569 legiones
1466 1521 1508 1555 et
1537 1514 1697 1555 auxilia
1752 1521 1880 1569 atque
1912 1512 2106 1570 singulae
2153 1511 2324 1553 illarum
2355 1517 2499 1567 partes
2527 1523 2608 1566 per

270 1582 539 1639 provinciam
584 1584 837 1627 distributae
878 1584 1080 1627 dicuntur
1118 1584 1277 1627 vexilla
1318 1585 1522 1628 adiuncto
1560 1586 1775 1643 genitivo,
1807 1600 1895 1642 quo
1934 1593 2073 1628 totum
2122 1599 2296 1642 corpus,
2328 1583 2451 1627 cuius
2482 1590 2602 1624 erant

273 1657 426 1700 delecti
457 1658 734 1701 indicaretur.
794 1659 948 1715 Neque
979 1659 1077 1716 plus
1106 1659 1291 1716 profecit
1318 1659 1553 1711 Hertelius,
1585 1660 1659 1715 qui
1688 1668 1917 1716 postquam
1946 1660 2053 1703 locis
2084 1674 2185 1702 sane
2216 1657 2481 1716 gravissimis
2515 1656 2599 1699 Er-

271 1731 397 1773 nestii
427 1731 480 1773 de
510 1732 745 1775 vexillariis
776 1733 988 1776 tironibus
1019 1733 1265 1790 opinionem
1283 1732 1496 1783 refutavit,
1527 1733 1690 1789 pariter
1719 1741 1943 1776 veteranos
1959 1733 2057 1776 illos
2086 1732 2218 1776 fuisse
2248 1733 2443 1776 evincere
2471 1746 2603 1776 cona-

270 1812 339 1846 tus
369 1820 507 1861 neque
536 1807 733 1863 proxime
763 1808 1050 1849 antecedentis
1098 1807 1181 1849 loci
1212 1806 1420 1848 rationem
1450 1822 1586 1862 neque
1617 1806 1860 1849 universam
1905 1806 2039 1849 totius
2069 1806 2281 1849 exercitus
2311 1806 2602 1850 conditionem

274 1877 377 1921 satis
407 1887 630 1935 reputasse
660 1879 841 1923 videtur.

384 1950 614 1996 Praeterea
643 1952 688 1995 in
720 1952 982 1996 delectorum
1029 1967 1207 1996 numero
1237 1952 1462 2010 ponendos
1504 1952 1617 1996 duco
1660 1951 1774 1995 mille
1805 1952 2072 2004 vexillarios,
2118 1966 2229 2009 quos
2258 1950 2434 1996 Tacitus
2465 1952 2524 1996 H.
2556 1952 2604 1996 II

272 2023 338 2066 18.
371 2024 426 2066 ad
476 2023 720 2081 Spurinnae
766 2025 912 2082 copias
943 2025 1184 2082 adsrciptos
1214 2025 1345 2068 fuisse
1386 2025 1512 2069 dicit:
1565 2023 1794 2068 Certum
1840 2033 1962 2067 erat
2006 2024 2342 2083 Spurinnae,
2372 2025 2423 2066 is
2464 2026 2607 2067 enim
2676 2044 2685 2056 ·

269 2095 622 2140 Placentiam
643 2097 942 2150 obtinebat,
964 2099 1193 2142 necdum
1209 2099 1362 2142 venis
1379 2097 1554 2142 seCae
1570 2098 1760 2149 cinam,
1779 2105 1830 2144 et
1850 2099 1895 2140 si
1916 2099 2323 2156 propinquaret
2344 2113 2537 2141 coerce
2552 2114 2612 2141 rev

270 2168 420 2213 intra
450 2170 788 2214 munimenta
818 2171 1044 2215 militem
1074 2186 1172 2215 nec
1201 2172 1307 2214 tris
1336 2171 1654 2228 praetorias
1683 2171 1945 2214 cohortes
1995 2180 2046 2214 et
2076 2172 2230 2214 mille
2261 2172 2601 2214 vexillarios

269 2257 388 2285 cum
419 2244 611 2301 paucis
643 2244 938 2300 equitibus
978 2253 1248 2288 veterano
1287 2245 1564 2287 exercitui
1594 2244 1842 2295 obicere,
1887 2245 1982 2287 sed
2026 2245 2326 2288 indomitus
2358 2244 2513 2287 miles
2544 2253 2600 2287 et

269 2315 411 2357 belli
445 2317 679 2375 ignarus
709 2319 991 2375 correptis
1022 2318 1206 2376 signis
1236 2317 1580 2372 vexillisque
1610 2332 1770 2360 ruere
1801 2332 1841 2372 q.
1873 2333 1904 2361 s.
1971 2318 2072 2370 Quo
2106 2319 2204 2360 loco
2233 2325 2319 2359 tres
2350 2319 2593 2373 praetoriae

269 2389 469 2432 cohortes
500 2397 541 2432 et
569 2391 684 2432 mille
732 2391 979 2432 vexillarios
1028 2399 1174 2448 aperte
1204 2392 1367 2448 opponi
1412 2398 1614 2433 veterano
1645 2391 1850 2432 exercitui
1903 2392 2062 2432 nemini
2091 2405 2177 2433 non
2209 2392 2252 2431 in
2281 2398 2489 2446 promptu
2521 2401 2595 2433 est.

267 2462 330 2505 At
360 2471 407 2506 ut
436 2471 478 2506 et
506 2465 649 2521 ipsum
679 2479 905 2507 numerum
936 2465 1164 2520 utriusque
1195 2465 1430 2515 exercitus,
1461 2464 1506 2506 id
1537 2465 1656 2520 quod
1688 2464 1891 2508 Walchio
1931 2465 2090 2521 placet,
2121 2465 2231 2507 inter
2275 2480 2321 2507 se
2350 2465 2592 2522 comparari

266 2540 389 2583 facile
419 2540 643 2591 concedas,
679 2556 818 2595 neque
847 2540 955 2582 illud
986 2555 1244 2596 quemquam
1274 2538 1461 2596 effugere
1491 2547 1647 2596 potest,
1677 2539 1851 2582 eosdem
1880 2538 2027 2596 paullo
2056 2537 2168 2581 infra
2206 2538 2416 2596 appellari
2456 2538 2584 2582 indo—

267 2614 393 2656 mitos
424 2622 466 2656 et
495 2613 597 2656 belli
626 2614 817 2670 ignaros,
847 2614 962 2656 unde
992 2615 1039 2656 id
1069 2614 1218 2656 saltem
1248 2613 1560 2657 consectarium
1576 2614 1762 2664 videtur,
1792 2622 2016 2656 veteranos
2046 2612 2141 2654 illos
2171 2627 2259 2654 non
2288 2611 2437 2664 fuisse,
2464 2612 2601 2656 fuisse

267 2686 454 2730 delectos
484 2701 506 2728 e
535 2685 777 2744 legionibus
808 2685 874 2729 vel
905 2686 1168 2729 cohortibus.
1234 2686 1291 2729 At
1320 2701 1423 2730 vero
1453 2686 1558 2729 mihi
1587 2686 1760 2737 obicies,
1791 2687 1927 2743 legem
1956 2686 2072 2728 illam
2120 2686 2306 2737 dicendi,
2339 2700 2427 2742 qua
2456 2687 2595 2730 vexil-

265 2760 375 2803 liarii
406 2760 521 2803 nude
551 2759 754 2818 appellati
784 2775 998 2815 nusquam
1029 2760 1117 2803 fere
1148 2759 1444 2816 reperiantur,
1477 2774 1692 2815 quamque
1720 2774 1801 2815 pro
1833 2759 2109 2801 fundamento
2135 2759 2260 2814 quasi
2290 2759 2596 2816 disputationis

264 2835 450 2891 positam
481 2834 677 2886 dixerim,
708 2832 792 2876 hoc
819 2833 917 2876 loco
947 2841 1095 2889 aperte
1135 2833 1389 2889 derelinqui,
1462 2833 1676 2876 Nimirum
1722 2833 2033 2887 derelinquitur
2079 2833 2153 2883 ita,
2186 2840 2233 2875 ut
2262 2847 2316 2875 ex
2346 2834 2481 2877 totius
2510 2835 2598 2878 loci

264 2915 418 2951 natura
448 2916 489 2952 et
518 2922 572 2951 ex
584 2906 744 2963 ,verbis
773 2906 915 2950 statim
944 2905 1170 2957 adiunctis,
1201 2906 1276 2962 qui
1303 2905 1365 2949 illi
1396 2904 1567 2957 fuerint,
1597 2904 1762 2949 eluceat
1790 2913 1917 2961 atque
1946 2905 1991 2948 id
2015 2905 2158 2962 ipsum
2207 2905 2338 2950 nobis
2370 2906 2599 2965 suffragari

267 2983 476 3027 videatur.
535 2983 689 3039 Neque
720 2996 869 3024 verum
899 2988 976 3033 est,
1008 2980 1126 3036 quod
1155 2980 1361 3024 Ritterus.
1393 2979 1447 3022 ad
1476 2978 1534 3022 H.
1564 2976 1614 3022 11
1644 2978 1695 3020 11
1727 2977 1970 3035 explicandi
1999 2994 2130 3022 causa
2159 2979 2313 3025 attulit,
2344 2980 2457 3024 Nam
2475 2981 2594 3037 quod

265 3056 353 3100 illic
381 3063 607 3100 veteranos
639 3070 661 3098 e
692 3054 911 3112 praetorio
942 3054 1113 3096 eosdem
1146 3068 1239 3096 esse
1268 3053 1454 3103 monuit,
1496 3052 1570 3108 qui
1600 3052 1683 3095 hoc
1712 3052 1810 3095 loco
1856 3053 1972 3095 mille
2011 3053 2222 3096 vexillarii
2251 3054 2477 3105 dicantur,
2508 3069 2597 3097 me-

266 3129 405 3173 moria
435 3130 640 3186 deceptus
671 3136 735 3172 est
763 3128 830 3171 vir
859 3127 1145 3178 doctissimus,
1177 3141 1277 3169 cum
1299 3126 1360 3168 illi
1389 3126 1500 3167 inter
1529 3126 1704 3168 comites
1720 3125 1908 3170 Othonis
1938 3135 2243 3180 memorentur,
2274 3128 2319 3169 hi
2350 3127 2595 3186 Spurinnae

320 3217 365 3259 ¹⁹)
404 3219 463 3254 Cf.
489 3220 610 3253 Ritter.
640 3220 682 3251 ad
710 3219 747 3253 h.
775 3219 812 3257 1.,
840 3227 906 3261 quo
932 3217 1081 3260 plurima
1108 3226 1193 3259 quae
1210 3217 1276 3249 hue
1303 3220 1458 3259 spectant
1483 3213 1642 3258 exempla
1670 3213 1818 3256 collegit.
