2982 3685
1277 220 1561 265 ..1⁸-

365 336 490 381 Haec
536 337 694 389 habui,
740 344 853 393 quae
877 337 950 388 :de
1002 336 1228 393 signorum
1270 335 1631 391 vuillon-umque
1670 335 1789 394 apud
1833 334 2039 379 ‘lacuum
2092 333 2285 378 notione<
2327 341 2460 390 atque
2481 334 2597 378 'cina

254 410 434 455 crimine
472 411 721 465 *accuratius
763 409 990 468 explorata
1034 416 1345 466 proponerem;
1380 416 1513 452 restat
1563 417 1613 453 ut
1659 409 1722 453 de*
1764 408 1933 452 vexillis
1979 408 2065 453 alio
2122 409 2253 453 sensu
2324 407 2593 466 explicandis

252 498 401 541 pauca
442 483 715 543 subimgam.
767 486 769 488 ’
804 483 868 527 Ut
909 483 956 525 in
1013 481 1361 525 antecedentibus
1404 480 1513 527 locis
1560 481 1707 526 vexilli
1753 480 2015 526 vocabulum
2043 484 2128 526 aut‘
2164 485 2247 541 pro
2279 481 2475 540 insigni
2502 496 2596 526 osne

254 566 399 601 torum
463 557 641 601 militiae
695 556 899 600 ordinum
961 555 1051 598 sive
1121 570 1401 599 numerorum
1458 563 1534 599 aut
1588 571 1670 614 pro
1720 554 1829 613 ipsis
1901 553 1987 597 illis
2049 555 2240 600 numeris
2306 553 2389 599 sub
2444 554 2597 610 eodem

256 631 498 675 coniunctis
526 647 553 674 a
580 631 792 688 scriptore
819 637 1078 686 usurpatum
1115 628 1371 682 invenimus,
1406 629 1467 673 ita
1510 629 1554 671 in
1584 628 1638 672 iis
1665 643 1777 686 quae
1805 635 2047 684 sequuntur
2087 637 2162 671 aut
2190 632 2399 685 'tanquam
2429 627 2598 686 insigne

257 704 426 761 imperii
455 704 571 748 domi
601 703 832 747 militiaeve
861 702 1136 761 propositum
1166 710 1241 747 aut
1268 703 1432 746 donum
1482 702 1664 746 militare
1707 699 1913 746 militibus
1941 699 2050 745 bene
2079 700 2346 745 merentibus
2387 699 2598 755 tributum

256 778 414 836 passim
444 778 488 821 in
517 776 735 822 veteribus
762 775 898 822 titulis
926 775 1300 835 deprehendimus.
1377 775 1448 821 Ex
1475 775 1615 822 Taciti
1651 775 1762 821 locis
1789 773 1987 833 inprimis
2033 774 2089 819 ad
2118 770 2346 833 priorem‘
2357 778 2586 819 numerum

260 850 493 895 referendis
522 850 608 894 huc
636 850 807 894 trahere
851 850 977 895 liceat
1036 850 1169 894 Ann.
1214 849 1237 893 I
1267 851 1347 898 39.
1407 849 1474 892 Et
1516 856 1680 895 nocte
1721 847 1997 894 concubia
2039 848 2316 893 vexillum
2344 848 2398 891 in
2430 849 2594 892 domo

258 922 584 969 Germanici
616 924 780 968 situm
810 923 1078 982 flagitare
1119 924 1431 982 occipiunt,
1481 937 1875 980 concursuque
1924 923 1991 967 ad
2029 923 2250 967 ianuam
2296 922 2446 967 facto
2496 935 2600 966 mo·

258 998 478 1041 liuntur
508 998 659 1041 fores
675 1005 1101 1054 extractumque
1119 996 1299 1040 cubili
1331 995 1629 1040 Caesarem
1659 997 1885 1040 tradere
1914 996 2425 1040 vexillumintento
2456 1009 2594 1039 mor-

258 1071 334 1114 tis
363 1079 505 1114 metu
535 1070 822 1129 subigunt.
884 1070 952 1113 Ita
979 1070 1093 1113 enim
1122 1069 1328 1113 vexillum
1357 1083 1458 1112 cum
1485 1068 1639 1126 Lipsio
1677 1069 1860 1126 aliisque
1893 1069 2192 1127 accipiendum
2221 1084 2380 1126 neque,
2412 1077 2461 1112 ut
2488 1075 2591 1128 post

261 1143 372 1188 alios
400 1145 650 1203 nuperrime
681 1144 807 1187 etiam
837 1143 1103 1202 Nipperdeio
1134 1143 1274 1187 visum
1304 1150 1382 1194 est,
1411 1157 1494 1201 pro
1524 1142 1682 1186 vexillo
1712 1149 2013 1187 veteranorum
2033 1143 2280 1187 habendum
2309 1158 2402 1188 esse
2417 1147 2592 1188 oensem

261 1217 375 1262 Nam
404 1219 592 1276 primum
623 1217 798 1274 quidem
828 1226 876 1261 ut
905 1217 1058 1261 seditio
1088 1233 1115 1261 a
1144 1217 1313 1261 duabus
1330 1225 1566 1261 renovatur
1593 1216 1837 1275 legionibus
1867 1232 1955 1260 una
1981 1231 2081 1261 cum
2107 1218 2320 1261 veteranis
2349 1217 2470 1262 brevi
2490 1225 2588 1262 ante

262 1290 417 1342 missis,
445 1291 505 1334 ita
535 1288 821 1334 Germanicus
849 1297 1027 1347 postero
1057 1290 1127 1333 die
1160 1305 1248 1333 non
1278 1290 1396 1334 solos
1424 1290 1592 1334 incusat
1620 1299 1844 1334 veteranos
1875 1289 1951 1333 sed
1980 1289 2206 1333 universos
2235 1290 2390 1334 milites
2419 1289 2592 1334 fatalem

258 1363 488 1423 increpans
516 1363 691 1408 rabiem.
722 1363 874 1421 Neque
902 1370 1124 1422 praeterea
1137 1378 1191 1407 ex
1220 1363 1358 1409 Taciti
1387 1363 1532 1408 verbis
1546 1364 1592 1408 id
1622 1364 1740 1421 quod
1756 1363 2022 1423 Nipperdeio
2051 1362 2226 1422 placuit,
2255 1371 2482 1408 veteranos
2500 1378 2599 1408 cum

265 1438 525 1496 imperatore
554 1439 599 1482 in
630 1439 740 1482 urbe
769 1438 1005 1483 collocatos
1034 1437 1166 1482 fuisse
1195 1447 1393 1496 apparet3
1421 1439 1554 1481 immo
1570 1453 1623 1481 ex
1638 1437 1756 1482 Ann.
1786 1438 1810 1482 I
1839 1440 1910 1490 44,
1944 1439 2103 1489 „secuti
2123 1438 2368 1495 exemplum
2398 1439 2592 1482 veterani

258 1512 383 1555 haud.
407 1512 542 1555 multo
569 1521 668 1569 post
696 1512 741 1554 in
771 1511 967 1555 Raetiam
996 1511 1224 1554 mittuntur
1253 1511 1393 1568 specie
1428 1511 1720 1555 defendendae
1748 1511 1996 1568 provinciae
2027 1511 2082 1554 ob
2113 1511 2380 1554 imminentes
2411 1510 2594 1563 Suevos,

267 1592 512 1630 ceterum
546 1594 601 1628 ut
629 1583 1009 1629 avellerentur
1038 1584 1286 1636 castris,“
1319 1583 1579 1628 contrarium
1610 1582 1881 1628 efficiendum
1911 1591 1987 1628 est.
2049 1582 2116 1629 Cf.
2145 1583 2323 1642 insuper
2351 1583 2516 1644 Hygin.
2546 1584 2600 1629 de

264 1667 506 1704 castrorum
536 1658 685 1702 munit.
717 1660 759 1701 5.
795 1658 862 1702 ed.
890 1656 1054 1716 Lange.
1115 1656 1298 1703 Accedit
1325 1658 1452 1701 etiam
1481 1657 1589 1701 illud
1618 1657 1762 1714 quod,
1812 1674 1911 1702 cum
1940 1656 2057 1702 solae
2086 1656 2256 1715 aquilae
2300 1656 2521 1716 legionum
2549 1657 2594 1701 in

261 1731 480 1790 praetorio
508 1738 788 1789 ponerentur,
819 1739 860 1773 et
888 1730 1012 1789 signa
1041 1731 1360 1789 manipulorum
1388 1740 1432 1774 et
1459 1730 1618 1774 vexilla
1645 1739 1948 1774 veteranorum
1978 1731 2045 1774 vel
2064 1730 2332 1774 delectorum
2363 1732 2482 1788 apud
2511 1731 2598 1774 sin-

259 1805 387 1863 gulos
411 1805 639 1863 copiarum
668 1816 873 1847 numeros
901 1804 1112 1847 asservari
1141 1803 1349 1847 solebant.
1390 1803 1481 1847 Ista
1509 1811 1650 1846 autem
1681 1803 1877 1847 confusio
1906 1819 1960 1846 ex
1989 1804 2260 1862 praecedenti
2292 1805 2596 1861 „veteranique

260 1894 399 1936 nuper
426 1878 546 1922 missi
571 1878 656 1921 ‘sub
687 1878 876 1922 vexillo“
906 1878 1117 1935 originem
1145 1878 1269 1920 duxit
1286 1879 1341 1934 ⁵³)
1402 1879 1465 1920 At
1492 1893 1594 1920 vero
1626 1878 1662 1920 si
1676 1893 1872 1934 quaeras,
1903 1878 2125 1934 quomodo
2155 1877 2316 1920 factum
2348 1878 2415 1928 sit,
2447 1885 2495 1920 ut
2523 1892 2594 1933 ree

264 1952 469 1996 bellantes
498 1953 643 2009 ipsum
674 1951 887 2001 vexillum,
909 1951 1236 2009 imperatorium
1251 1951 1507 2008 flagitarent,
1536 1951 1581 1993 id
1610 1951 1710 1994 inde
1726 1951 1988 2008 explicatum
2018 1951 2148 1994 habet
2167 1949 2442 2002 facillimum,
2474 1951 2593 2006 quod

258 2026 455 2069 timentes
485 2040 539 2069 ne
568 2025 696 2084 legati
729 2025 846 2069 missi
876 2024 931 2069 ab
959 2025 1219 2083 imperatore
1257 2039 1335 2082 per
1363 2024 1616 2069 seditionem
1659 2022 1862 2082 expressa
1890 2024 2014 2068 irrita
2059 2024 2280 2075 facerent,
2333 2037 2421 2080 quo
2442 2024 2592 2068 minus

261 2100 466 2145 vexillum
511 2100 556 2142 in
602 2100 820 2158 praetorio
851 2099 1040 2158 proponi
1058 2105 1204 2157 posset
1233 2099 1376 2155 itaque
1397 2098 1480 2156 ipsi
1511 2098 1566 2141 ad
1597 2098 1868 2156 disciplinam
1898 2098 2242 2156 obsequiumque
2273 2105 2592 2151 revocarentur,

261 2173 494 2233 prohibere
522 2173 766 2217 studebant.
843 2172 992 2228 Quare
1039 2180 1189 2230 erepto
1235 2172 1390 2215 vexillo
1421 2171 1549 2215 simul
1597 2173 1824 2216 detrectari
1869 2173 2097 2232 imperium
2142 2180 2256 2216 recte
2288 2173 2595 2230 interpretatur

260 2248 450 2291 Wolfius
477 2247 534 2289 ad
563 2247 605 2289 h.
634 2247 663 2288 l.
684 2248 737 2304 ⁵¹⁴)
796 2246 976 2289 Praeter
1005 2245 1199 2288 Annales
1242 2246 1450 2288 vexillum
1464 2246 1727 2303 deprehendi
1756 2247 2022 2303 praetorium
2052 2246 2110 2288 H.
2143 2245 2184 2287 V
2216 2247 2292 2288 22.
2368 2245 2596 2302 „Namque

256 2321 517 2378 praetoriam
546 2335 696 2362 navem
727 2320 885 2361 vexillo
916 2321 1126 2377 insignem
1159 2320 1245 2362 illic
1275 2321 1428 2362 ducem
1459 2320 1540 2361 rati
1570 2319 1831 2376 abripiunt.“
1906 2319 2059 2362 Sermo
2090 2329 2155 2361 est
2193 2319 2246 2360 de
2276 2318 2434 2361 vexillo
2468 2334 2594 2375 prae-

263 2395 392 2446 torio,
423 2407 512 2449 quo
526 2392 850 2437 tabernaculum
880 2393 1001 2436 ducis
1017 2394 1106 2448 sive
1134 2393 1398 2450 praetorium
1413 2393 1662 2450 insignitum
1692 2393 1907 2445 videmus3
1938 2393 2171 2449 quodcum
2202 2391 2258 2433 ad
2287 2406 2439 2434 navem
2469 2406 2594 2448 prae-

254 2467 409 2511 toriam
438 2466 692 2509 translatum
721 2474 944 2509 cernerent
971 2467 1126 2509 milites
1146 2465 1367 2518 Germani,
1396 2467 1549 2509 ducem
1590 2467 1672 2508 rati
1690 2466 1834 2523 ipsum
1863 2466 1907 2508 in
1937 2481 1987 2510 ea
2016 2466 2155 2509 inesse
2184 2465 2327 2508 statim
2355 2464 2592 2521 abripiunt.

375 2541 508 2584 Dona
535 2541 750 2592 militaria,
781 2548 829 2583 ut
857 2540 963 2584 haec
992 2556 1166 2597 quoque
1194 2556 1525 2584 commemorem
1541 2572 1552 2591 ‚
1602 2541 1719 2597 apud
1749 2540 1944 2584 Tacitum
1976 2541 2150 2596 quidem
2196 2553 2284 2582 non
2320 2539 2596 2596 reperiuntur

267 2614 438 2666 vexilla,
466 2615 542 2658 sed
564 2614 699 2658 multa
728 2614 772 2657 in
802 2613 1155 2672 inscriptionibus
1184 2613 1384 2658 Taciteae
1408 2614 1557 2658 aetatis
1587 2620 1733 2658 extant
1760 2613 1968 2671 exempla.
1989 2613 2044 2672 ⁵³)

1074 2774 1777 2815 -fl-Qmfflymwm

309 2929 355 2969 ⁵³)
393 2931 581 2972 Perpetem
608 2939 684 2962 cum
711 2928 826 2961 multi·
852 2930 1040 2962 editoribus
1066 2929 1166 2961 etiam
1192 2926 1420 2969 Nipperdeius
1443 2927 1527 2966 „sub
1553 2926 1699 2959 voxillo⁴⁴
1726 2927 1833 2968 iungit
1858 2937 1936 2960 cum
1965 2927 2217 2967 „hiemabant”
2246 2937 2321 2960 cum
2366 2927 2408 2959 ad
2433 2933 2592 2969 utrosque

396 2994 432 3023 et
457 2990 500 3022 ad
526 2989 681 3031 legiones
709 2992 743 3022 et
768 2988 810 3020 ad
838 2993 1015 3021 veteranos
1042 2987 1258 3021 referendum
1285 2986 1338 3018 sit.

312 3045 362 3090 Μ)
397 3048 451 3081 De
476 3048 604 3080 vexillo
628 3047 845 3095 imperatorio
871 3046 962 3090 quod
987 3051 1047 3079 aut
1072 3046 1107 3079 in
1133 3046 1217 3079 urbe
1244 3046 1278 3079 in
1312 3055 1436 3088 magno
1462 3045 1577 3088 aliquo
1621 3045 1764 3079 tumultu
1790 3051 1851 3079 aut
1882 3046 1918 3079 in
1945 3047 2066 3080 castris
2091 3052 2251 3089 tanquam
2288 3054 2424 3089 pugnae
2451 3045 2585 3086 signum

393 3107 537 3151 proponi
565 3105 708 3146 solebat,
733 3116 765 3138 v.
793 3105 895 3139 Caes.
936 3105 979 3138 B.
1023 3104 1068 3139 G.
1095 3105 1133 3138 11
1161 3104 1221 3138 20.
1289 3105 1329 3137 B.
1367 3104 1429 3139 civ
1456 3103 1518 3137 111
1557 3103 1620 3140 89.
1672 3106 1746 3140 Liv.
1786 3106 1944 3140 XXXIX
1994 3107 2050 3140 Γ).
2121 3107 2212 3140 Plut.
2251 3107 2336 3140 Feb.
2364 3116 2399 3149 p.
2431 3104 2512 3139 182.
2547 3105 2588 3139 C.

395 3167 539 3199 Becker.
593 3164 773 3210 &nubitum
802 3165 858 3199 bet
884 3162 982 3198 me.
1011 3165 1148 3206 mittit).
1178 3165 1226 3196 11.
1255 3164 1288 3198 3.
1319 3167 1364 3196 Α.
1393 3162 1480 3197 342.

312 3221 363 3266 ιὅ)
396 3235 429 3258 v.
455 3222 731 3259 Orelli-Benaco.
759 3222 908 3266 Iunci-pt.
935 3221 1013 3256 Lat.
1039 3222 1137 3256 indie.
1169 3233 1194 3256 s.
1223 3224 1338 3258 vexilli
1365 3223 1542 3257 vocabulo.
2352 3200 2372 3233 l
