<?xml version="1.0" encoding="UTF-8"?>
<!DOCTYPE html PUBLIC "-//W3C//DTD XHTML 1.0 Transitional//EN"
    "http://www.w3.org/TR/xhtml1/DTD/xhtml1-transitional.dtd">
<html xmlns="http://www.w3.org/1999/xhtml" xml:lang="en" lang="en">
 <head>
  <title>
</title>
<meta http-equiv="Content-Type" content="text/html;charset=utf-8" />
  <meta name='ocr-system' content='tesseract 3.04.00' />
  <meta name='ocr-capabilities' content='ocr_page ocr_carea ocr_par ocr_line ocrx_word'/>
</head>
<body>
  <div class='ocr_page' id='page_1' title='image "4767293_0015.png"; bbox 0 0 2982 3685; ppageno 0'>
   <div class='ocr_carea' id='block_1_1' title="bbox 1291 229 1549 268">
    <p class='ocr_par' dir='ltr' id='par_1_1' title="bbox 1291 229 1549 268">
     <span class='ocr_line' id='line_1_1' title="bbox 1291 229 1549 268; baseline -0.004 -8"><span class='ocrx_word' id='word_1_1' title='bbox 1291 229 1549 268; x_wconf 79' lang='grc'>-7-</span> 
     </span>
    </p>
   </div>
   <div class='ocr_carea' id='block_1_2' title="bbox 254 339 2592 2906">
    <p class='ocr_par' dir='ltr' id='par_1_2' title="bbox 254 339 2588 700">
     <span class='ocr_line' id='line_1_2' title="bbox 254 339 2582 405; baseline -0.003 -14"><span class='ocrx_word' id='word_1_2' title='bbox 254 347 416 405; x_wconf 79' lang='lat' dir='ltr'>quibus</span> <span class='ocrx_word' id='word_1_3' title='bbox 442 346 603 404; x_wconf 85' lang='lat' dir='ltr'>singuli</span> <span class='ocrx_word' id='word_1_4' title='bbox 630 345 799 389; x_wconf 84' lang='lat' dir='ltr'>numeri</span> <span class='ocrx_word' id='word_1_5' title='bbox 826 343 909 389; x_wconf 88' lang='lat' dir='ltr'>sub</span> <span class='ocrx_word' id='word_1_6' title='bbox 940 343 1121 402; x_wconf 85' lang='lat' dir='ltr'>singulis</span> <span class='ocrx_word' id='word_1_7' title='bbox 1149 342 1318 387; x_wconf 85' lang='lat' dir='ltr'>vexillis</span> <span class='ocrx_word' id='word_1_8' title='bbox 1346 341 1554 386; x_wconf 88' lang='lat' dir='ltr'>exercitui</span> <span class='ocrx_word' id='word_1_9' title='bbox 1569 339 1732 385; x_wconf 86' lang='lat' dir='ltr'>Vitellii</span> <span class='ocrx_word' id='word_1_10' title='bbox 1760 339 1895 383; x_wconf 88' lang='lat' dir='ltr'>additi</span> <span class='ocrx_word' id='word_1_11' title='bbox 1924 349 2058 384; x_wconf 83' lang='lat' dir='ltr'>erant.</span> <span class='ocrx_word' id='word_1_12' title='bbox 2100 341 2162 384; x_wconf 85' lang='lat' dir='ltr'>At</span> <span class='ocrx_word' id='word_1_13' title='bbox 2189 357 2295 385; x_wconf 87' lang='lat' dir='ltr'>vero</span> <span class='ocrx_word' id='word_1_14' title='bbox 2325 341 2361 385; x_wconf 85' lang='lat' dir='ltr'>si</span> <span class='ocrx_word' id='word_1_15' title='bbox 2392 341 2582 397; x_wconf 85' lang='lat' dir='ltr'>quaeris,</span> 
     </span>
     <span class='ocr_line' id='line_1_3' title="bbox 256 413 2584 477; baseline -0.003 -12"><span class='ocrx_word' id='word_1_16' title='bbox 256 420 479 477; x_wconf 88' lang='lat' dir='ltr'>quomodo</span> <span class='ocrx_word' id='word_1_17' title='bbox 522 419 684 464; x_wconf 77' lang='lat' dir='ltr'>factum</span> <span class='ocrx_word' id='word_1_18' title='bbox 713 417 792 471; x_wconf 87' lang='lat' dir='ltr'>sit,</span> <span class='ocrx_word' id='word_1_19' title='bbox 830 423 880 461; x_wconf 88' lang='lat' dir='ltr'>ut</span> <span class='ocrx_word' id='word_1_20' title='bbox 916 416 1074 473; x_wconf 80' lang='lat' dir='ltr'>aquilis</span> <span class='ocrx_word' id='word_1_21' title='bbox 1111 416 1375 474; x_wconf 68' lang='lat' dir='ltr'>posteriores</span> <span class='ocrx_word' id='word_1_22' title='bbox 1423 423 1639 467; x_wconf 80' lang='lat' dir='ltr'>carerent,</span> <span class='ocrx_word' id='word_1_23' title='bbox 1669 414 1753 458; x_wconf 86' lang='lat' dir='ltr'>hoc</span> <span class='ocrx_word' id='word_1_24' title='bbox 1791 413 1976 457; x_wconf 86' lang='lat' dir='ltr'>maxime</span> <span class='ocrx_word' id='word_1_25' title='bbox 2005 413 2238 458; x_wconf 88' lang='lat' dir='ltr'>tenendum</span> <span class='ocrx_word' id='word_1_26' title='bbox 2265 422 2358 467; x_wconf 89' lang='lat' dir='ltr'>est,</span> <span class='ocrx_word' id='word_1_27' title='bbox 2386 414 2584 473; x_wconf 75' lang='lat' dir='ltr'>legiones</span> 
     </span>
     <span class='ocr_line' id='line_1_4' title="bbox 255 486 2581 552; baseline -0.003 -13"><span class='ocrx_word' id='word_1_28' title='bbox 255 494 340 543; x_wconf 86' lang='lat' dir='ltr'>nisi</span> <span class='ocrx_word' id='word_1_29' title='bbox 367 493 561 552; x_wconf 72' lang='lat' dir='ltr'>integrae</span> <span class='ocrx_word' id='word_1_30' title='bbox 589 490 988 551; x_wconf 84' lang='lat' dir='ltr'>proficiscerentur,</span> <span class='ocrx_word' id='word_1_31' title='bbox 1017 489 1190 548; x_wconf 83' lang='lat' dir='ltr'>aquilas</span> <span class='ocrx_word' id='word_1_32' title='bbox 1225 489 1272 534; x_wconf 92' lang='lat' dir='ltr'>in</span> <span class='ocrx_word' id='word_1_33' title='bbox 1300 489 1452 535; x_wconf 81' lang='lat' dir='ltr'>castris</span> <span class='ocrx_word' id='word_1_34' title='bbox 1480 487 1646 534; x_wconf 79' lang='lat' dir='ltr'>stativis</span> <span class='ocrx_word' id='word_1_35' title='bbox 1670 487 1855 545; x_wconf 87' lang='lat' dir='ltr'>relinqui</span> <span class='ocrx_word' id='word_1_36' title='bbox 1884 487 2018 533; x_wconf 87' lang='lat' dir='ltr'>moris</span> <span class='ocrx_word' id='word_1_37' title='bbox 2047 487 2180 533; x_wconf 76' lang='lat' dir='ltr'>fiiisse</span> <span class='ocrx_word' id='word_1_38' title='bbox 2210 486 2509 533; x_wconf 87' lang='lat' dir='ltr'>Romanorum</span> <span class='ocrx_word' id='word_1_39' title='bbox 2523 489 2581 547; x_wconf 86' lang='lat'>2²)</span> 
     </span>
     <span class='ocr_line' id='line_1_5' title="bbox 255 562 2588 623; baseline -0.002 -10"><span class='ocrx_word' id='word_1_40' title='bbox 255 567 568 614; x_wconf 87' lang='lat' dir='ltr'>Remanserant</span> <span class='ocrx_word' id='word_1_41' title='bbox 607 572 750 611; x_wconf 88' lang='lat' dir='ltr'>autem</span> <span class='ocrx_word' id='word_1_42' title='bbox 797 563 915 623; x_wconf 84' lang='lat' dir='ltr'>apud</span> <span class='ocrx_word' id='word_1_43' title='bbox 953 564 1093 622; x_wconf 82' lang='lat' dir='ltr'>ripam</span> <span class='ocrx_word' id='word_1_44' title='bbox 1121 563 1263 609; x_wconf 84' lang='lat' dir='ltr'>Rheni</span> <span class='ocrx_word' id='word_1_45' title='bbox 1306 570 1449 622; x_wconf 88' lang='lat' dir='ltr'>partes</span> <span class='ocrx_word' id='word_1_46' title='bbox 1486 569 1652 608; x_wconf 85' lang='lat' dir='ltr'>tantum</span> <span class='ocrx_word' id='word_1_47' title='bbox 1681 562 1863 621; x_wconf 80' lang='lat' dir='ltr'>exiguae</span> <span class='ocrx_word' id='word_1_48' title='bbox 1912 562 2081 607; x_wconf 87' lang='lat' dir='ltr'>illarum</span> <span class='ocrx_word' id='word_1_49' title='bbox 2120 562 2342 622; x_wconf 88' lang='lat' dir='ltr'>legionum</span> <span class='ocrx_word' id='word_1_50' title='bbox 2370 562 2588 621; x_wconf 87' lang='lat' dir='ltr'>praesidia</span> 
     </span>
     <span class='ocr_line' id='line_1_6' title="bbox 256 642 588 700; baseline -0.003 -15"><span class='ocrx_word' id='word_1_51' title='bbox 256 642 510 700; x_wconf 85' lang='lat' dir='ltr'>agitaturae.</span> <span class='ocrx_word' id='word_1_52' title='bbox 531 642 588 697; x_wconf 82' lang='lat'>²⁸)</span> 
     </span>
    </p>

    <p class='ocr_par' dir='ltr' id='par_1_3' title="bbox 258 709 2591 1065">
     <span class='ocr_line' id='line_1_7' title="bbox 372 709 2588 770; baseline -0.001 -12"><span class='ocrx_word' id='word_1_53' title='bbox 372 714 504 758; x_wconf 85' lang='lat' dir='ltr'>Adde</span> <span class='ocrx_word' id='word_1_54' title='bbox 531 713 676 758; x_wconf 90' lang='lat' dir='ltr'>locum</span> <span class='ocrx_word' id='word_1_55' title='bbox 703 712 1005 770; x_wconf 86' lang='lat' dir='ltr'>gravissimum</span> <span class='ocrx_word' id='word_1_56' title='bbox 1018 741 1030 762; x_wconf 86' lang='lat'>,</span> <span class='ocrx_word' id='word_1_57' title='bbox 1079 711 1156 768; x_wconf 89' lang='lat' dir='ltr'>qui</span> <span class='ocrx_word' id='word_1_58' title='bbox 1201 719 1268 755; x_wconf 89' lang='lat' dir='ltr'>est</span> <span class='ocrx_word' id='word_1_59' title='bbox 1294 711 1355 756; x_wconf 88' lang='lat' dir='ltr'>H.</span> <span class='ocrx_word' id='word_1_60' title='bbox 1400 711 1448 755; x_wconf 92' lang='grc' dir='ltr'>ΙΙ</span> <span class='ocrx_word' id='word_1_61' title='bbox 1478 713 1573 756; x_wconf 93' lang='grc'><strong>100.</strong></span> <span class='ocrx_word' id='word_1_62' title='bbox 1605 709 1792 756; x_wconf 83' lang='lat' dir='ltr'>Caecina</span> <span class='ocrx_word' id='word_1_63' title='bbox 1821 726 1844 754; x_wconf 90' lang='lat' dir='ltr'>e</span> <span class='ocrx_word' id='word_1_64' title='bbox 1874 711 2102 768; x_wconf 88' lang='lat' dir='ltr'>complexu</span> <span class='ocrx_word' id='word_1_65' title='bbox 2131 710 2293 755; x_wconf 89' lang='lat' dir='ltr'>Vitellii</span> <span class='ocrx_word' id='word_1_66' title='bbox 2321 711 2459 755; x_wconf 91' lang='lat' dir='ltr'>multo</span> <span class='ocrx_word' id='word_1_67' title='bbox 2490 726 2588 755; x_wconf 87' lang='lat' dir='ltr'>cum</span> 
     </span>
     <span class='ocr_line' id='line_1_8' title="bbox 258 784 2591 845; baseline -0.001 -13"><span class='ocrx_word' id='word_1_68' title='bbox 258 787 424 832; x_wconf 86' lang='lat' dir='ltr'>honore</span> <span class='ocrx_word' id='word_1_69' title='bbox 449 787 671 845; x_wconf 84' lang='lat' dir='ltr'>digressus</span> <span class='ocrx_word' id='word_1_70' title='bbox 700 794 866 844; x_wconf 90' lang='lat' dir='ltr'>partem</span> <span class='ocrx_word' id='word_1_71' title='bbox 909 785 1101 842; x_wconf 89' lang='lat' dir='ltr'>equitum</span> <span class='ocrx_word' id='word_1_72' title='bbox 1150 785 1207 829; x_wconf 89' lang='lat' dir='ltr'>ad</span> <span class='ocrx_word' id='word_1_73' title='bbox 1251 786 1547 843; x_wconf 76' lang='lat' dir='ltr'>occupandam</span> <span class='ocrx_word' id='word_1_74' title='bbox 1596 784 1852 830; x_wconf 78' lang='lat' dir='ltr'>Cremonam</span> <span class='ocrx_word' id='word_1_75' title='bbox 1899 785 2145 843; x_wconf 86' lang='lat' dir='ltr'>praemittit.</span> <span class='ocrx_word' id='word_1_76' title='bbox 2205 784 2335 829; x_wconf 85' lang='lat' dir='ltr'>Mox</span> <span class='ocrx_word' id='word_1_77' title='bbox 2375 785 2591 829; x_wconf 86' lang='lat' dir='ltr'>vexilla</span> 
     </span>
     <span class='ocr_line' id='line_1_9' title="bbox 260 853 2590 917; baseline -0.001 -13"><span class='ocrx_word' id='word_1_78' title='bbox 260 868 520 917; x_wconf 83' lang='lat' dir='ltr'>quartae,</span> <span class='ocrx_word' id='word_1_79' title='bbox 563 860 794 916; x_wconf 81' lang='lat' dir='ltr'>quintae</span> <span class='ocrx_word' id='word_1_80' title='bbox 839 859 1106 911; x_wconf 82' lang='lat' dir='ltr'>decimae,</span> <span class='ocrx_word' id='word_1_81' title='bbox 1138 866 1325 902; x_wconf 86' lang='lat' dir='ltr'>sextae</span> <span class='ocrx_word' id='word_1_82' title='bbox 1355 858 1600 903; x_wconf 85' lang='lat' dir='ltr'>decimae</span> <span class='ocrx_word' id='word_1_83' title='bbox 1640 853 1950 917; x_wconf 85' lang='lat' dir='ltr'>legionum,</span> <span class='ocrx_word' id='word_1_84' title='bbox 1990 858 2117 903; x_wconf 91' lang='lat' dir='ltr'>dein</span> <span class='ocrx_word' id='word_1_85' title='bbox 2146 859 2343 915; x_wconf 88' lang='lat' dir='ltr'>quinta</span> <span class='ocrx_word' id='word_1_86' title='bbox 2371 866 2425 904; x_wconf 93' lang='lat' dir='ltr'>et</span> <span class='ocrx_word' id='word_1_87' title='bbox 2454 859 2590 903; x_wconf 85' lang='lat' dir='ltr'>duo·</span> 
     </span>
     <span class='ocr_line' id='line_1_10' title="bbox 259 932 2589 991; baseline 0 -15"><span class='ocrx_word' id='word_1_88' title='bbox 259 932 583 976; x_wconf 87' lang='lat' dir='ltr'>etvicesima</span> <span class='ocrx_word' id='word_1_89' title='bbox 611 940 847 984; x_wconf 88' lang='lat' dir='ltr'>secutae,</span> <span class='ocrx_word' id='word_1_90' title='bbox 876 941 1158 990; x_wconf 89' lang='lat' dir='ltr'>postremo</span> <span class='ocrx_word' id='word_1_91' title='bbox 1183 933 1401 990; x_wconf 84' lang='lat' dir='ltr'>agmine</span> <span class='ocrx_word' id='word_1_92' title='bbox 1431 933 1831 976; x_wconf 76' lang='lat' dir='ltr'>unetvicesima</span> <span class='ocrx_word' id='word_1_93' title='bbox 1861 932 2054 990; x_wconf 87' lang='lat' dir='ltr'>Rapax</span> <span class='ocrx_word' id='word_1_94' title='bbox 2091 940 2142 976; x_wconf 91' lang='lat' dir='ltr'>et</span> <span class='ocrx_word' id='word_1_95' title='bbox 2180 934 2357 991; x_wconf 85' lang='lat' dir='ltr'>prima</span> <span class='ocrx_word' id='word_1_96' title='bbox 2385 932 2589 977; x_wconf 88' lang='lat' dir='ltr'>Italica</span> 
     </span>
     <span class='ocr_line' id='line_1_11' title="bbox 263 1005 2328 1065; baseline 0 -15"><span class='ocrx_word' id='word_1_97' title='bbox 263 1020 384 1050; x_wconf 87' lang='lat' dir='ltr'>cum</span> <span class='ocrx_word' id='word_1_98' title='bbox 412 1005 738 1050; x_wconf 76' lang='lat' dir='ltr'>vexillariis</span> <span class='ocrx_word' id='word_1_99' title='bbox 768 1007 935 1049; x_wconf 92' lang='lat' dir='ltr'>trium</span> <span class='ocrx_word' id='word_1_100' title='bbox 964 1006 1423 1050; x_wconf 84' lang='lat' dir='ltr'>Britannicarum</span> <span class='ocrx_word' id='word_1_101' title='bbox 1451 1007 1737 1065; x_wconf 89' lang='lat' dir='ltr'>legionum</span> <span class='ocrx_word' id='word_1_102' title='bbox 1766 1014 1819 1050; x_wconf 91' lang='lat' dir='ltr'>et</span> <span class='ocrx_word' id='word_1_103' title='bbox 1847 1007 2053 1051; x_wconf 88' lang='lat' dir='ltr'>electis</span> <span class='ocrx_word' id='word_1_104' title='bbox 2083 1006 2328 1051; x_wconf 81' lang='lat' dir='ltr'>auxiliis.</span> 
     </span>
    </p>

    <p class='ocr_par' dir='ltr' id='par_1_4' title="bbox 260 1079 2592 2906">
     <span class='ocr_line' id='line_1_12' title="bbox 377 1079 2585 1139; baseline 0 -17"><span class='ocrx_word' id='word_1_105' title='bbox 377 1079 509 1122; x_wconf 86' lang='lat' dir='ltr'>Recte</span> <span class='ocrx_word' id='word_1_106' title='bbox 538 1079 713 1135; x_wconf 88' lang='lat' dir='ltr'>quidem</span> <span class='ocrx_word' id='word_1_107' title='bbox 742 1079 935 1123; x_wconf 86' lang='lat' dir='ltr'>Ritterus</span> <span class='ocrx_word' id='word_1_108' title='bbox 963 1080 1020 1122; x_wconf 90' lang='lat' dir='ltr'>ad</span> <span class='ocrx_word' id='word_1_109' title='bbox 1045 1080 1087 1122; x_wconf 87' lang='lat' dir='ltr'>h.</span> <span class='ocrx_word' id='word_1_110' title='bbox 1128 1080 1155 1122; x_wconf 92' lang='lat' dir='ltr'>l.</span> <span class='ocrx_word' id='word_1_111' title='bbox 1187 1079 1409 1131; x_wconf 85' lang='lat' dir='ltr'>observat,</span> <span class='ocrx_word' id='word_1_112' title='bbox 1448 1080 1605 1123; x_wconf 88' lang='lat' dir='ltr'>vexilla</span> <span class='ocrx_word' id='word_1_113' title='bbox 1640 1080 1859 1137; x_wconf 88' lang='lat' dir='ltr'>legionum</span> <span class='ocrx_word' id='word_1_114' title='bbox 1876 1113 1886 1132; x_wconf 96' lang='lat'><strong>‚</strong></span> <span class='ocrx_word' id='word_1_115' title='bbox 1932 1095 2021 1123; x_wconf 92' lang='lat' dir='ltr'>non</span> <span class='ocrx_word' id='word_1_116' title='bbox 2050 1081 2167 1138; x_wconf 89' lang='lat' dir='ltr'>ipsas</span> <span class='ocrx_word' id='word_1_117' title='bbox 2196 1080 2393 1139; x_wconf 79' lang='lat' dir='ltr'>legiones</span> <span class='ocrx_word' id='word_1_118' title='bbox 2422 1081 2585 1132; x_wconf 85' lang='lat' dir='ltr'>vocari,</span> 
     </span>
     <span class='ocr_line' id='line_1_13' title="bbox 265 1151 2590 1209; baseline 0 -14"><span class='ocrx_word' id='word_1_119' title='bbox 265 1153 385 1209; x_wconf 91' lang='lat' dir='ltr'>quod</span> <span class='ocrx_word' id='word_1_120' title='bbox 410 1167 499 1194; x_wconf 88' lang='lat' dir='ltr'>non</span> <span class='ocrx_word' id='word_1_121' title='bbox 527 1152 720 1209; x_wconf 85' lang='lat' dir='ltr'>integrae</span> <span class='ocrx_word' id='word_1_122' title='bbox 748 1153 855 1195; x_wconf 90' lang='lat' dir='ltr'>istae</span> <span class='ocrx_word' id='word_1_123' title='bbox 884 1153 1120 1195; x_wconf 85' lang='lat' dir='ltr'>exercitum</span> <span class='ocrx_word' id='word_1_124' title='bbox 1149 1152 1312 1194; x_wconf 90' lang='lat' dir='ltr'>Vitellii</span> <span class='ocrx_word' id='word_1_125' title='bbox 1341 1160 1509 1195; x_wconf 86' lang='lat' dir='ltr'>secutae</span> <span class='ocrx_word' id='word_1_126' title='bbox 1540 1153 1638 1203; x_wconf 87' lang='lat' dir='ltr'>sint,</span> <span class='ocrx_word' id='word_1_127' title='bbox 1669 1153 1745 1194; x_wconf 87' lang='lat' dir='ltr'>sed</span> <span class='ocrx_word' id='word_1_128' title='bbox 1774 1153 1897 1195; x_wconf 88' lang='lat' dir='ltr'>electi</span> <span class='ocrx_word' id='word_1_129' title='bbox 1927 1168 1981 1195; x_wconf 84' lang='lat' dir='ltr'>ex</span> <span class='ocrx_word' id='word_1_130' title='bbox 2011 1154 2164 1196; x_wconf 87' lang='lat' dir='ltr'>ceteris</span> <span class='ocrx_word' id='word_1_131' title='bbox 2188 1151 2448 1196; x_wconf 87' lang='lat' dir='ltr'>Germaniae</span> <span class='ocrx_word' id='word_1_132' title='bbox 2478 1153 2590 1195; x_wconf 91' lang='lat' dir='ltr'>mili-</span> 
     </span>
     <span class='ocr_line' id='line_1_14' title="bbox 261 1224 2590 1280; baseline 0 -11"><span class='ocrx_word' id='word_1_133' title='bbox 261 1226 391 1270; x_wconf 84' lang='lat' dir='ltr'>tibus.</span> <span class='ocrx_word' id='word_1_134' title='bbox 479 1224 613 1280; x_wconf 83' lang='lat' dir='ltr'>Quod</span> <span class='ocrx_word' id='word_1_135' title='bbox 641 1241 744 1269; x_wconf 84' lang='lat' dir='ltr'>vero</span> <span class='ocrx_word' id='word_1_136' title='bbox 775 1227 902 1269; x_wconf 85' lang='lat' dir='ltr'>etiam</span> <span class='ocrx_word' id='word_1_137' title='bbox 945 1227 1323 1269; x_wconf 85' lang='lat' dir='ltr'>duoetvicesimam</span> <span class='ocrx_word' id='word_1_138' title='bbox 1364 1234 1499 1269; x_wconf 90' lang='lat' dir='ltr'>totam</span> <span class='ocrx_word' id='word_1_139' title='bbox 1528 1234 1632 1269; x_wconf 87' lang='lat' dir='ltr'>tunc</span> <span class='ocrx_word' id='word_1_140' title='bbox 1680 1226 1867 1268; x_wconf 80' lang='lat' dir='ltr'>adfuisse</span> <span class='ocrx_word' id='word_1_141' title='bbox 1896 1226 2013 1278; x_wconf 85' lang='lat' dir='ltr'>dicit,</span> <span class='ocrx_word' id='word_1_142' title='bbox 2043 1227 2088 1269; x_wconf 89' lang='lat' dir='ltr'>id</span> <span class='ocrx_word' id='word_1_143' title='bbox 2118 1235 2166 1269; x_wconf 93' lang='grc' dir='ltr'>ιιι</span> <span class='ocrx_word' id='word_1_144' title='bbox 2194 1242 2249 1269; x_wconf 90' lang='lat' dir='ltr'>ex</span> <span class='ocrx_word' id='word_1_145' title='bbox 2278 1227 2417 1270; x_wconf 86' lang='lat' dir='ltr'>Taciti</span> <span class='ocrx_word' id='word_1_146' title='bbox 2446 1226 2590 1269; x_wconf 86' lang='lat' dir='ltr'>verbis</span> 
     </span>
     <span class='ocr_line' id='line_1_15' title="bbox 265 1300 2586 1358; baseline 0 -16"><span class='ocrx_word' id='word_1_147' title='bbox 265 1301 460 1343; x_wconf 86' lang='lat' dir='ltr'>evincere</span> <span class='ocrx_word' id='word_1_148' title='bbox 500 1300 652 1356; x_wconf 87' lang='lat' dir='ltr'>possit,</span> <span class='ocrx_word' id='word_1_149' title='bbox 683 1315 947 1358; x_wconf 89' lang='lat' dir='ltr'>magnopere</span> <span class='ocrx_word' id='word_1_150' title='bbox 975 1315 1141 1342; x_wconf 81' lang='lat' dir='ltr'>vereor.</span> <span class='ocrx_word' id='word_1_151' title='bbox 1200 1301 1264 1342; x_wconf 93' lang='lat' dir='ltr'>Ut</span> <span class='ocrx_word' id='word_1_152' title='bbox 1292 1302 1405 1342; x_wconf 90' lang='lat' dir='ltr'>enim</span> <span class='ocrx_word' id='word_1_153' title='bbox 1434 1301 1492 1342; x_wconf 90' lang='lat' dir='ltr'>H.</span> <span class='ocrx_word' id='word_1_154' title='bbox 1522 1300 1547 1342; x_wconf 94' lang='lat' dir='ltr'>I</span> <span class='ocrx_word' id='word_1_155' title='bbox 1577 1303 1643 1342; x_wconf 89' lang='lat'>61.</span> <span class='ocrx_word' id='word_1_156' title='bbox 1675 1301 1784 1342; x_wconf 88' lang='lat' dir='ltr'>duas</span> <span class='ocrx_word' id='word_1_157' title='bbox 1813 1301 2018 1358; x_wconf 85' lang='lat' dir='ltr'>legiones,</span> <span class='ocrx_word' id='word_1_158' title='bbox 2052 1302 2246 1357; x_wconf 83' lang='lat' dir='ltr'>quintam</span> <span class='ocrx_word' id='word_1_159' title='bbox 2277 1310 2319 1343; x_wconf 92' lang='lat' dir='ltr'>et</span> <span class='ocrx_word' id='word_1_160' title='bbox 2347 1302 2586 1343; x_wconf 82' lang='lat' dir='ltr'>unetvices-</span> 
     </span>
     <span class='ocr_line' id='line_1_16' title="bbox 263 1374 2588 1431; baseline 0 -14"><span class='ocrx_word' id='word_1_161' title='bbox 263 1374 415 1417; x_wconf 78' lang='lat' dir='ltr'>simam</span> <span class='ocrx_word' id='word_1_162' title='bbox 443 1382 650 1429; x_wconf 83' lang='lat' dir='ltr'>tanquam</span> <span class='ocrx_word' id='word_1_163' title='bbox 679 1375 816 1417; x_wconf 91' lang='lat' dir='ltr'>robur</span> <span class='ocrx_word' id='word_1_164' title='bbox 844 1376 1056 1417; x_wconf 86' lang='lat' dir='ltr'>exercitus</span> <span class='ocrx_word' id='word_1_165' title='bbox 1085 1376 1131 1417; x_wconf 90' lang='lat' dir='ltr'>in</span> <span class='ocrx_word' id='word_1_166' title='bbox 1160 1375 1330 1417; x_wconf 88' lang='lat' dir='ltr'>Italiam</span> <span class='ocrx_word' id='word_1_167' title='bbox 1359 1376 1566 1417; x_wconf 89' lang='lat' dir='ltr'>deductas</span> <span class='ocrx_word' id='word_1_168' title='bbox 1593 1383 1635 1416; x_wconf 90' lang='lat' dir='ltr'>et</span> <span class='ocrx_word' id='word_1_169' title='bbox 1663 1375 1687 1416; x_wconf 94' lang='lat'>1</span> <span class='ocrx_word' id='word_1_170' title='bbox 1718 1378 1785 1417; x_wconf 85' lang='lat'>64.</span> <span class='ocrx_word' id='word_1_171' title='bbox 1816 1376 1861 1416; x_wconf 90' lang='lat' dir='ltr'>in</span> <span class='ocrx_word' id='word_1_172' title='bbox 1891 1377 2042 1418; x_wconf 90' lang='lat' dir='ltr'>itinere</span> <span class='ocrx_word' id='word_1_173' title='bbox 2080 1376 2150 1418; x_wconf 88' lang='lat' dir='ltr'>his</span> <span class='ocrx_word' id='word_1_174' title='bbox 2179 1376 2375 1418; x_wconf 88' lang='lat' dir='ltr'>numeris</span> <span class='ocrx_word' id='word_1_175' title='bbox 2404 1377 2588 1431; x_wconf 89' lang='lat' dir='ltr'>primam</span> 
     </span>
     <span class='ocr_line' id='line_1_17' title="bbox 261 1448 2588 1505; baseline 0 -16"><span class='ocrx_word' id='word_1_176' title='bbox 261 1448 456 1491; x_wconf 84' lang='lat' dir='ltr'>Italicam</span> <span class='ocrx_word' id='word_1_177' title='bbox 499 1449 741 1490; x_wconf 88' lang='lat' dir='ltr'>adiunctam</span> <span class='ocrx_word' id='word_1_178' title='bbox 786 1463 880 1491; x_wconf 90' lang='lat' dir='ltr'>esse</span> <span class='ocrx_word' id='word_1_179' title='bbox 926 1449 1072 1490; x_wconf 87' lang='lat' dir='ltr'>retulit</span> <span class='ocrx_word' id='word_1_180' title='bbox 1108 1449 1317 1505; x_wconf 85' lang='lat' dir='ltr'>scriptor,</span> <span class='ocrx_word' id='word_1_181' title='bbox 1357 1449 1418 1490; x_wconf 87' lang='lat' dir='ltr'>ita</span> <span class='ocrx_word' id='word_1_182' title='bbox 1463 1449 1517 1490; x_wconf 92' lang='lat' dir='ltr'>de</span> <span class='ocrx_word' id='word_1_183' title='bbox 1557 1449 1895 1505; x_wconf 85' lang='lat' dir='ltr'>duoetvigesima</span> <span class='ocrx_word' id='word_1_184' title='bbox 1938 1464 1991 1491; x_wconf 89' lang='lat' dir='ltr'>ne</span> <span class='ocrx_word' id='word_1_185' title='bbox 2022 1449 2154 1491; x_wconf 89' lang='lat' dir='ltr'>verbo</span> <span class='ocrx_word' id='word_1_186' title='bbox 2184 1449 2361 1504; x_wconf 88' lang='lat' dir='ltr'>quidem</span> <span class='ocrx_word' id='word_1_187' title='bbox 2408 1449 2588 1490; x_wconf 90' lang='lat' dir='ltr'>monuit.</span> 
     </span>
     <span class='ocr_line' id='line_1_18' title="bbox 261 1515 2588 1577; baseline 0 -14"><span class='ocrx_word' id='word_1_188' title='bbox 261 1521 414 1577; x_wconf 89' lang='lat' dir='ltr'>Neque</span> <span class='ocrx_word' id='word_1_189' title='bbox 442 1522 563 1573; x_wconf 90' lang='lat' dir='ltr'>illud,</span> <span class='ocrx_word' id='word_1_190' title='bbox 593 1523 713 1577; x_wconf 93' lang='lat' dir='ltr'>quod</span> <span class='ocrx_word' id='word_1_191' title='bbox 741 1523 797 1565; x_wconf 84' lang='lat' dir='ltr'>ad</span> <span class='ocrx_word' id='word_1_192' title='bbox 825 1522 885 1564; x_wconf 88' lang='lat' dir='ltr'>H.</span> <span class='ocrx_word' id='word_1_193' title='bbox 916 1522 990 1565; x_wconf 91' lang='lat'>111</span> <span class='ocrx_word' id='word_1_194' title='bbox 1021 1524 1088 1572; x_wconf 88' lang='lat'>13,</span> <span class='ocrx_word' id='word_1_195' title='bbox 1136 1524 1204 1573; x_wconf 82' lang='lat'>21,</span> <span class='ocrx_word' id='word_1_196' title='bbox 1236 1524 1304 1564; x_wconf 87' lang='grc'>22.</span> <span class='ocrx_word' id='word_1_197' title='bbox 1348 1522 1580 1564; x_wconf 89' lang='lat' dir='ltr'>excusandi</span> <span class='ocrx_word' id='word_1_198' title='bbox 1627 1536 1758 1564; x_wconf 88' lang='lat' dir='ltr'>causa</span> <span class='ocrx_word' id='word_1_199' title='bbox 1806 1522 1948 1564; x_wconf 85' lang='lat' dir='ltr'>attulit</span> <span class='ocrx_word' id='word_1_200' title='bbox 1984 1522 2052 1565; x_wconf 87' lang='lat' dir='ltr'>vir</span> <span class='ocrx_word' id='word_1_201' title='bbox 2080 1523 2355 1565; x_wconf 90' lang='lat' dir='ltr'>doctissimus</span> <span class='ocrx_word' id='word_1_202' title='bbox 2372 1515 2390 1572; x_wconf 79' lang='grc'>,’</span> <span class='ocrx_word' id='word_1_203' title='bbox 2433 1523 2477 1563; x_wconf 91' lang='lat' dir='ltr'>in</span> <span class='ocrx_word' id='word_1_204' title='bbox 2509 1536 2588 1564; x_wconf 91' lang='lat' dir='ltr'>no-</span> 
     </span>
     <span class='ocr_line' id='line_1_19' title="bbox 262 1595 2589 1652; baseline 0 -16"><span class='ocrx_word' id='word_1_205' title='bbox 262 1602 399 1637; x_wconf 88' lang='lat' dir='ltr'>strum</span> <span class='ocrx_word' id='word_1_206' title='bbox 427 1595 573 1637; x_wconf 88' lang='lat' dir='ltr'>locum</span> <span class='ocrx_word' id='word_1_207' title='bbox 603 1595 755 1638; x_wconf 89' lang='lat' dir='ltr'>cadere</span> <span class='ocrx_word' id='word_1_208' title='bbox 785 1596 1061 1651; x_wconf 88' lang='lat' dir='ltr'>perspicuum</span> <span class='ocrx_word' id='word_1_209' title='bbox 1090 1603 1168 1646; x_wconf 89' lang='lat' dir='ltr'>est,</span> <span class='ocrx_word' id='word_1_210' title='bbox 1199 1595 1361 1651; x_wconf 88' lang='lat' dir='ltr'>quippe</span> <span class='ocrx_word' id='word_1_211' title='bbox 1389 1611 1476 1650; x_wconf 92' lang='lat' dir='ltr'>quo</span> <span class='ocrx_word' id='word_1_212' title='bbox 1505 1595 1682 1638; x_wconf 87' lang='lat' dir='ltr'>Tacitus</span> <span class='ocrx_word' id='word_1_213' title='bbox 1712 1610 1801 1637; x_wconf 88' lang='lat' dir='ltr'>non</span> <span class='ocrx_word' id='word_1_214' title='bbox 1830 1595 2035 1645; x_wconf 85' lang='lat' dir='ltr'>aliorum,</span> <span class='ocrx_word' id='word_1_215' title='bbox 2068 1595 2144 1638; x_wconf 88' lang='lat' dir='ltr'>sed</span> <span class='ocrx_word' id='word_1_216' title='bbox 2174 1611 2297 1637; x_wconf 88' lang='lat' dir='ltr'>suam</span> <span class='ocrx_word' id='word_1_217' title='bbox 2319 1595 2456 1652; x_wconf 90' lang='lat' dir='ltr'>ipsius</span> <span class='ocrx_word' id='word_1_218' title='bbox 2485 1609 2589 1650; x_wconf 87' lang='lat' dir='ltr'>pro-</span> 
     </span>
     <span class='ocr_line' id='line_1_20' title="bbox 261 1666 2582 1721; baseline 0 -12"><span class='ocrx_word' id='word_1_219' title='bbox 261 1666 370 1710; x_wconf 83' lang='lat' dir='ltr'>ferat</span> <span class='ocrx_word' id='word_1_220' title='bbox 398 1668 660 1711; x_wconf 87' lang='lat' dir='ltr'>sententiam.</span> <span class='ocrx_word' id='word_1_221' title='bbox 692 1667 836 1721; x_wconf 82' lang='lat' dir='ltr'>Quam</span> <span class='ocrx_word' id='word_1_222' title='bbox 865 1667 1160 1711; x_wconf 77' lang='lat' dir='ltr'>difficultatem</span> <span class='ocrx_word' id='word_1_223' title='bbox 1188 1668 1248 1711; x_wconf 84' lang='lat' dir='ltr'>ita</span> <span class='ocrx_word' id='word_1_224' title='bbox 1275 1668 1348 1712; x_wconf 85' lang='lat' dir='ltr'>ille</span> <span class='ocrx_word' id='word_1_225' title='bbox 1377 1667 1458 1711; x_wconf 87' lang='lat' dir='ltr'>sibi</span> <span class='ocrx_word' id='word_1_226' title='bbox 1486 1667 1636 1711; x_wconf 87' lang='lat' dir='ltr'>tollere</span> <span class='ocrx_word' id='word_1_227' title='bbox 1665 1667 1782 1710; x_wconf 89' lang='lat' dir='ltr'>visus</span> <span class='ocrx_word' id='word_1_228' title='bbox 1811 1676 1897 1718; x_wconf 86' lang='lat' dir='ltr'>est,</span> <span class='ocrx_word' id='word_1_229' title='bbox 1928 1675 1977 1710; x_wconf 87' lang='lat' dir='ltr'>ut</span> <span class='ocrx_word' id='word_1_230' title='bbox 2005 1667 2061 1710; x_wconf 87' lang='lat' dir='ltr'>ad</span> <span class='ocrx_word' id='word_1_231' title='bbox 2092 1667 2149 1711; x_wconf 91' lang='lat' dir='ltr'>H.</span> <span class='ocrx_word' id='word_1_232' title='bbox 2182 1666 2232 1710; x_wconf 88' lang='lat' dir='ltr'>II</span> <span class='ocrx_word' id='word_1_233' title='bbox 2262 1669 2329 1711; x_wconf 87' lang='lat'>57.</span> <span class='ocrx_word' id='word_1_234' title='bbox 2361 1666 2582 1711; x_wconf 87' lang='lat' dir='ltr'>Vitellium</span> 
     </span>
     <span class='ocr_line' id='line_1_21' title="bbox 262 1740 2588 1801; baseline 0 -17"><span class='ocrx_word' id='word_1_235' title='bbox 262 1740 469 1785; x_wconf 85' lang='lat' dir='ltr'>victoriae</span> <span class='ocrx_word' id='word_1_236' title='bbox 511 1741 811 1786; x_wconf 88' lang='lat' dir='ltr'>Bedriacensis</span> <span class='ocrx_word' id='word_1_237' title='bbox 868 1743 1066 1800; x_wconf 89' lang='lat' dir='ltr'>ignarum</span> <span class='ocrx_word' id='word_1_238' title='bbox 1114 1742 1323 1801; x_wconf 89' lang='lat' dir='ltr'>integram</span> <span class='ocrx_word' id='word_1_239' title='bbox 1363 1741 1575 1800; x_wconf 89' lang='lat' dir='ltr'>legionem</span> <span class='ocrx_word' id='word_1_240' title='bbox 1626 1741 2008 1800; x_wconf 88' lang='lat' dir='ltr'>duoetvigesimam</span> <span class='ocrx_word' id='word_1_241' title='bbox 2045 1757 2144 1785; x_wconf 91' lang='lat' dir='ltr'>cum</span> <span class='ocrx_word' id='word_1_242' title='bbox 2184 1741 2279 1799; x_wconf 87' lang='lat' dir='ltr'>ipsa</span> <span class='ocrx_word' id='word_1_243' title='bbox 2317 1741 2461 1800; x_wconf 80' lang='lat' dir='ltr'>aquila</span> <span class='ocrx_word' id='word_1_244' title='bbox 2504 1740 2588 1784; x_wconf 86' lang='lat' dir='ltr'>sibi</span> 
     </span>
     <span class='ocr_line' id='line_1_22' title="bbox 262 1815 2575 1873; baseline 0 -17"><span class='ocrx_word' id='word_1_245' title='bbox 262 1815 512 1858; x_wconf 85' lang='lat' dir='ltr'>adiunxisse</span> <span class='ocrx_word' id='word_1_246' title='bbox 541 1824 754 1859; x_wconf 86' lang='lat' dir='ltr'>statueret.</span> <span class='ocrx_word' id='word_1_247' title='bbox 816 1816 878 1858; x_wconf 93' lang='lat' dir='ltr'>At</span> <span class='ocrx_word' id='word_1_248' title='bbox 906 1817 950 1858; x_wconf 93' lang='lat' dir='ltr'>in</span> <span class='ocrx_word' id='word_1_249' title='bbox 982 1817 1021 1858; x_wconf 91' lang='lat' dir='ltr'>h.</span> <span class='ocrx_word' id='word_1_250' title='bbox 1052 1816 1080 1857; x_wconf 89' lang='lat' dir='ltr'>l.</span> <span class='ocrx_word' id='word_1_251' title='bbox 1110 1816 1217 1858; x_wconf 89' lang='lat' dir='ltr'>nihil</span> <span class='ocrx_word' id='word_1_252' title='bbox 1246 1816 1365 1858; x_wconf 85' lang='lat' dir='ltr'>aliud</span> <span class='ocrx_word' id='word_1_253' title='bbox 1394 1817 1516 1867; x_wconf 90' lang='lat' dir='ltr'>inest,</span> <span class='ocrx_word' id='word_1_254' title='bbox 1547 1830 1676 1871; x_wconf 87' lang='lat' dir='ltr'>quam</span> <span class='ocrx_word' id='word_1_255' title='bbox 1704 1815 1925 1858; x_wconf 90' lang='lat' dir='ltr'>Vitellium</span> <span class='ocrx_word' id='word_1_256' title='bbox 1954 1816 2066 1858; x_wconf 88' lang='lat' dir='ltr'>vires</span> <span class='ocrx_word' id='word_1_257' title='bbox 2096 1816 2314 1873; x_wconf 87' lang='lat' dir='ltr'>legionum</span> <span class='ocrx_word' id='word_1_258' title='bbox 2342 1816 2575 1858; x_wconf 86' lang='lat' dir='ltr'>adscivisse</span> 
     </span>
     <span class='ocr_line' id='line_1_23' title="bbox 262 1885 2583 1948; baseline -0 -17"><span class='ocrx_word' id='word_1_259' title='bbox 262 1885 635 1941; x_wconf 85' lang='lat' dir='ltr'>Germanicarum,</span> <span class='ocrx_word' id='word_1_260' title='bbox 664 1904 775 1945; x_wconf 88' lang='lat' dir='ltr'>quae</span> <span class='ocrx_word' id='word_1_261' title='bbox 803 1891 995 1932; x_wconf 92' lang='lat' dir='ltr'>nondum</span> <span class='ocrx_word' id='word_1_262' title='bbox 1025 1904 1123 1933; x_wconf 89' lang='lat' dir='ltr'>cum</span> <span class='ocrx_word' id='word_1_263' title='bbox 1154 1887 1341 1933; x_wconf 89' lang='lat' dir='ltr'>Caecina</span> <span class='ocrx_word' id='word_1_264' title='bbox 1369 1897 1411 1932; x_wconf 86' lang='lat' dir='ltr'>et</span> <span class='ocrx_word' id='word_1_265' title='bbox 1440 1889 1618 1932; x_wconf 89' lang='lat' dir='ltr'>Valente</span> <span class='ocrx_word' id='word_1_266' title='bbox 1646 1888 1863 1946; x_wconf 86' lang='lat' dir='ltr'>profectae</span> <span class='ocrx_word' id='word_1_267' title='bbox 1893 1897 2026 1940; x_wconf 87' lang='lat' dir='ltr'>erant,</span> <span class='ocrx_word' id='word_1_268' title='bbox 2056 1890 2207 1948; x_wconf 81' lang='lat' dir='ltr'>paucis</span> <span class='ocrx_word' id='word_1_269' title='bbox 2237 1889 2396 1932; x_wconf 89' lang='lat' dir='ltr'>relictis</span> <span class='ocrx_word' id='word_1_270' title='bbox 2427 1889 2583 1932; x_wconf 86' lang='lat' dir='ltr'>veteri-</span> 
     </span>
     <span class='ocr_line' id='line_1_24' title="bbox 263 1961 2590 2020; baseline -0.001 -14"><span class='ocrx_word' id='word_1_271' title='bbox 263 1961 346 2006; x_wconf 92' lang='lat' dir='ltr'>bus</span> <span class='ocrx_word' id='word_1_272' title='bbox 376 1963 594 2007; x_wconf 91' lang='lat' dir='ltr'>militibus.</span> <span class='ocrx_word' id='word_1_273' title='bbox 612 1966 669 2020; x_wconf 56' lang='grc'>24·)</span> <span class='ocrx_word' id='word_1_274' title='bbox 729 1963 817 2007; x_wconf 90' lang='lat' dir='ltr'>Sed</span> <span class='ocrx_word' id='word_1_275' title='bbox 845 1966 997 2007; x_wconf 91' lang='lat' dir='ltr'>eodem</span> <span class='ocrx_word' id='word_1_276' title='bbox 1026 1972 1218 2020; x_wconf 90' lang='lat' dir='ltr'>tempore</span> <span class='ocrx_word' id='word_1_277' title='bbox 1247 1964 1426 2007; x_wconf 89' lang='lat' dir='ltr'>dilectus</span> <span class='ocrx_word' id='word_1_278' title='bbox 1463 1964 1535 2006; x_wconf 91' lang='lat' dir='ltr'>ille</span> <span class='ocrx_word' id='word_1_279' title='bbox 1573 1977 1652 2019; x_wconf 90' lang='lat' dir='ltr'>per</span> <span class='ocrx_word' id='word_1_280' title='bbox 1680 1961 1847 2005; x_wconf 88' lang='lat' dir='ltr'>Gallias</span> <span class='ocrx_word' id='word_1_281' title='bbox 1876 1963 2068 2005; x_wconf 83' lang='lat' dir='ltr'>festinari</span> <span class='ocrx_word' id='word_1_282' title='bbox 2104 1964 2250 2013; x_wconf 90' lang='lat' dir='ltr'>iussit,</span> <span class='ocrx_word' id='word_1_283' title='bbox 2282 1971 2331 2005; x_wconf 90' lang='lat' dir='ltr'>ut</span> <span class='ocrx_word' id='word_1_284' title='bbox 2366 1977 2590 2006; x_wconf 89' lang='lat' dir='ltr'>remanen-</span> 
     </span>
     <span class='ocr_line' id='line_1_25' title="bbox 263 2035 2590 2095; baseline -0 -15"><span class='ocrx_word' id='word_1_285' title='bbox 263 2037 371 2080; x_wconf 87' lang='lat' dir='ltr'>tium</span> <span class='ocrx_word' id='word_1_286' title='bbox 398 2037 617 2095; x_wconf 87' lang='lat' dir='ltr'>legionum</span> <span class='ocrx_word' id='word_1_287' title='bbox 645 2038 822 2081; x_wconf 87' lang='lat' dir='ltr'>nomina</span> <span class='ocrx_word' id='word_1_288' title='bbox 860 2037 1173 2094; x_wconf 89' lang='lat' dir='ltr'>supplerentur.</span> <span class='ocrx_word' id='word_1_289' title='bbox 1231 2035 1381 2089; x_wconf 87' lang='lat' dir='ltr'>Quare</span> <span class='ocrx_word' id='word_1_290' title='bbox 1423 2045 1497 2079; x_wconf 89' lang='lat' dir='ltr'>aut</span> <span class='ocrx_word' id='word_1_291' title='bbox 1538 2037 1652 2080; x_wconf 88' lang='lat' dir='ltr'>vires</span> <span class='ocrx_word' id='word_1_292' title='bbox 1695 2036 1887 2086; x_wconf 78' lang='lat' dir='ltr'>omnium</span> <span class='ocrx_word' id='word_1_293' title='bbox 1928 2036 2150 2093; x_wconf 85' lang='lat' dir='ltr'>legionum</span> <span class='ocrx_word' id='word_1_294' title='bbox 2192 2043 2318 2079; x_wconf 89' lang='lat' dir='ltr'>antea</span> <span class='ocrx_word' id='word_1_295' title='bbox 2345 2036 2590 2080; x_wconf 85' lang='lat' dir='ltr'>relictarum</span> 
     </span>
     <span class='ocr_line' id='line_1_26' title="bbox 267 2110 2591 2167; baseline -0 -14"><span class='ocrx_word' id='word_1_296' title='bbox 267 2126 354 2154; x_wconf 89' lang='lat' dir='ltr'>una</span> <span class='ocrx_word' id='word_1_297' title='bbox 383 2126 480 2155; x_wconf 91' lang='lat' dir='ltr'>cum</span> <span class='ocrx_word' id='word_1_298' title='bbox 533 2112 691 2167; x_wconf 89' lang='lat' dir='ltr'>aquilis</span> <span class='ocrx_word' id='word_1_299' title='bbox 719 2112 803 2155; x_wconf 88' lang='lat' dir='ltr'>iam</span> <span class='ocrx_word' id='word_1_300' title='bbox 853 2111 1074 2155; x_wconf 91' lang='lat' dir='ltr'>Vitellium</span> <span class='ocrx_word' id='word_1_301' title='bbox 1103 2118 1270 2154; x_wconf 87' lang='lat' dir='ltr'>secutas</span> <span class='ocrx_word' id='word_1_302' title='bbox 1299 2125 1391 2154; x_wconf 89' lang='lat' dir='ltr'>esse</span> <span class='ocrx_word' id='word_1_303' title='bbox 1421 2118 1493 2153; x_wconf 90' lang='lat' dir='ltr'>aut</span> <span class='ocrx_word' id='word_1_304' title='bbox 1541 2110 1918 2154; x_wconf 87' lang='lat' dir='ltr'>duoetvicesimam</span> <span class='ocrx_word' id='word_1_305' title='bbox 1967 2110 2103 2154; x_wconf 87' lang='lat' dir='ltr'>solam</span> <span class='ocrx_word' id='word_1_306' title='bbox 2133 2111 2330 2154; x_wconf 89' lang='lat' dir='ltr'>distincte</span> <span class='ocrx_word' id='word_1_307' title='bbox 2368 2125 2591 2153; x_wconf 87' lang='lat' dir='ltr'>enumera·-</span> 
     </span>
     <span class='ocr_line' id='line_1_27' title="bbox 263 2183 2586 2243; baseline 0 -16"><span class='ocrx_word' id='word_1_308' title='bbox 263 2194 351 2228; x_wconf 87' lang='lat' dir='ltr'>tam</span> <span class='ocrx_word' id='word_1_309' title='bbox 379 2186 703 2242; x_wconf 83' lang='lat' dir='ltr'>exspectaveris.</span> <span class='ocrx_word' id='word_1_310' title='bbox 763 2184 946 2230; x_wconf 85' lang='lat' dir='ltr'>Accedit</span> <span class='ocrx_word' id='word_1_311' title='bbox 976 2186 1095 2242; x_wconf 89' lang='lat' dir='ltr'>quod</span> <span class='ocrx_word' id='word_1_312' title='bbox 1124 2185 1182 2229; x_wconf 91' lang='lat' dir='ltr'>H.</span> <span class='ocrx_word' id='word_1_313' title='bbox 1214 2184 1279 2228; x_wconf 92' lang='lat' dir='ltr'>IV</span> <span class='ocrx_word' id='word_1_314' title='bbox 1309 2185 1376 2228; x_wconf 88' lang='grc'>37.</span> <span class='ocrx_word' id='word_1_315' title='bbox 1407 2184 1503 2230; x_wconf 90' lang='lat' dir='ltr'>coll.</span> <span class='ocrx_word' id='word_1_316' title='bbox 1535 2183 1601 2228; x_wconf 90' lang='lat' dir='ltr'>IV</span> <span class='ocrx_word' id='word_1_317' title='bbox 1632 2186 1698 2227; x_wconf 84' lang='lat'>24.</span> <span class='ocrx_word' id='word_1_318' title='bbox 1767 2184 1950 2228; x_wconf 91' lang='lat' dir='ltr'>Dillium</span> <span class='ocrx_word' id='word_1_319' title='bbox 1979 2183 2190 2228; x_wconf 89' lang='lat' dir='ltr'>Voculam</span> <span class='ocrx_word' id='word_1_320' title='bbox 2217 2185 2405 2243; x_wconf 86' lang='lat' dir='ltr'>legatum</span> <span class='ocrx_word' id='word_1_321' title='bbox 2434 2186 2586 2228; x_wconf 89' lang='lat' dir='ltr'>duoet-</span> 
     </span>
     <span class='ocr_line' id='line_1_28' title="bbox 263 2257 2589 2316; baseline 0.001 -16"><span class='ocrx_word' id='word_1_322' title='bbox 263 2258 488 2301; x_wconf 83' lang='lat' dir='ltr'>vicesimae</span> <span class='ocrx_word' id='word_1_323' title='bbox 518 2258 701 2316; x_wconf 86' lang='lat' dir='ltr'>legionis</span> <span class='ocrx_word' id='word_1_324' title='bbox 729 2259 873 2302; x_wconf 89' lang='lat' dir='ltr'>electis</span> <span class='ocrx_word' id='word_1_325' title='bbox 902 2259 947 2300; x_wconf 92' lang='lat' dir='ltr'>in</span> <span class='ocrx_word' id='word_1_326' title='bbox 976 2257 1211 2302; x_wconf 86' lang='lat' dir='ltr'>Germania</span> <span class='ocrx_word' id='word_1_327' title='bbox 1238 2259 1534 2316; x_wconf 86' lang='lat' dir='ltr'>praepositum</span> <span class='ocrx_word' id='word_1_328' title='bbox 1574 2274 1667 2302; x_wconf 78' lang='lat' dir='ltr'>esse</span> <span class='ocrx_word' id='word_1_329' title='bbox 1705 2258 1898 2316; x_wconf 87' lang='lat' dir='ltr'>legimus.</span> <span class='ocrx_word' id='word_1_330' title='bbox 1959 2258 2084 2313; x_wconf 83' lang='lat' dir='ltr'>Quae</span> <span class='ocrx_word' id='word_1_331' title='bbox 2132 2275 2229 2303; x_wconf 91' lang='lat' dir='ltr'>cum</span> <span class='ocrx_word' id='word_1_332' title='bbox 2260 2261 2319 2302; x_wconf 82' lang='lat' dir='ltr'>ita</span> <span class='ocrx_word' id='word_1_333' title='bbox 2356 2260 2439 2302; x_wconf 89' lang='lat' dir='ltr'>sint</span> <span class='ocrx_word' id='word_1_334' title='bbox 2469 2259 2589 2302; x_wconf 90' lang='lat' dir='ltr'>nulla</span> 
     </span>
     <span class='ocr_line' id='line_1_29' title="bbox 261 2330 2592 2390; baseline 0.001 -16"><span class='ocrx_word' id='word_1_335' title='bbox 261 2330 347 2374; x_wconf 81' lang='lat' dir='ltr'>alia</span> <span class='ocrx_word' id='word_1_336' title='bbox 375 2331 638 2375; x_wconf 74' lang='lat' dir='ltr'>difficultatis</span> <span class='ocrx_word' id='word_1_337' title='bbox 663 2332 955 2389; x_wconf 86' lang='lat' dir='ltr'>expediendae</span> <span class='ocrx_word' id='word_1_338' title='bbox 971 2333 1081 2375; x_wconf 89' lang='lat' dir='ltr'>ratio</span> <span class='ocrx_word' id='word_1_339' title='bbox 1112 2347 1335 2390; x_wconf 86' lang='lat' dir='ltr'>superesse</span> <span class='ocrx_word' id='word_1_340' title='bbox 1350 2333 1536 2383; x_wconf 88' lang='lat' dir='ltr'>videtur,</span> <span class='ocrx_word' id='word_1_341' title='bbox 1567 2347 1697 2388; x_wconf 85' lang='lat' dir='ltr'>quam</span> <span class='ocrx_word' id='word_1_342' title='bbox 1729 2340 1776 2374; x_wconf 92' lang='grc' dir='ltr'>ιιι</span> <span class='ocrx_word' id='word_1_343' title='bbox 1803 2332 2217 2375; x_wconf 90' lang='lat' dir='ltr'>duoetvicesimanos</span> <span class='ocrx_word' id='word_1_344' title='bbox 2250 2334 2411 2390; x_wconf 90' lang='lat' dir='ltr'>pariter</span> <span class='ocrx_word' id='word_1_345' title='bbox 2439 2348 2490 2376; x_wconf 86' lang='lat' dir='ltr'>ac</span> <span class='ocrx_word' id='word_1_346' title='bbox 2521 2349 2592 2377; x_wconf 86' lang='lat' dir='ltr'>ce·</span> 
     </span>
     <span class='ocr_line' id='line_1_30' title="bbox 261 2405 2589 2465; baseline 0.002 -18"><span class='ocrx_word' id='word_1_347' title='bbox 261 2414 379 2448; x_wconf 91' lang='lat' dir='ltr'>teros</span> <span class='ocrx_word' id='word_1_348' title='bbox 408 2421 498 2447; x_wconf 93' lang='lat' dir='ltr'>non</span> <span class='ocrx_word' id='word_1_349' title='bbox 528 2420 675 2448; x_wconf 92' lang='lat' dir='ltr'>omnes</span> <span class='ocrx_word' id='word_1_350' title='bbox 693 2421 718 2447; x_wconf 91' lang='lat' dir='ltr'>a</span> <span class='ocrx_word' id='word_1_351' title='bbox 747 2405 920 2448; x_wconf 90' lang='lat' dir='ltr'>Vitellio</span> <span class='ocrx_word' id='word_1_352' title='bbox 951 2407 1110 2449; x_wconf 86' lang='lat' dir='ltr'>accitos</span> <span class='ocrx_word' id='word_1_353' title='bbox 1122 2421 1214 2449; x_wconf 90' lang='lat' dir='ltr'>esse</span> <span class='ocrx_word' id='word_1_354' title='bbox 1243 2421 1470 2465; x_wconf 88' lang='lat' dir='ltr'>ponamus,</span> <span class='ocrx_word' id='word_1_355' title='bbox 1513 2407 1590 2449; x_wconf 89' lang='lat' dir='ltr'>sed</span> <span class='ocrx_word' id='word_1_356' title='bbox 1618 2414 1780 2449; x_wconf 87' lang='lat' dir='ltr'>tantam</span> <span class='ocrx_word' id='word_1_357' title='bbox 1810 2408 1991 2464; x_wconf 87' lang='lat' dir='ltr'>legionis</span> <span class='ocrx_word' id='word_1_358' title='bbox 2021 2415 2209 2465; x_wconf 82' lang='lat' dir='ltr'>partem,</span> <span class='ocrx_word' id='word_1_359' title='bbox 2241 2416 2288 2450; x_wconf 87' lang='lat' dir='ltr'>ut</span> <span class='ocrx_word' id='word_1_360' title='bbox 2317 2408 2392 2464; x_wconf 90' lang='lat' dir='ltr'>qui</span> <span class='ocrx_word' id='word_1_361' title='bbox 2421 2423 2589 2451; x_wconf 90' lang='lat' dir='ltr'>reman-</span> 
     </span>
     <span class='ocr_line' id='line_1_31' title="bbox 263 2480 2584 2538; baseline 0.001 -17"><span class='ocrx_word' id='word_1_362' title='bbox 263 2488 407 2521; x_wconf 87' lang='lat' dir='ltr'>serant</span> <span class='ocrx_word' id='word_1_363' title='bbox 435 2487 600 2521; x_wconf 83' lang='lat' dir='ltr'>veteres</span> <span class='ocrx_word' id='word_1_364' title='bbox 629 2480 783 2521; x_wconf 87' lang='lat' dir='ltr'>milites</span> <span class='ocrx_word' id='word_1_365' title='bbox 813 2495 901 2521; x_wconf 92' lang='lat' dir='ltr'>non</span> <span class='ocrx_word' id='word_1_366' title='bbox 930 2481 1015 2522; x_wconf 87' lang='lat' dir='ltr'>iam</span> <span class='ocrx_word' id='word_1_367' title='bbox 1032 2482 1217 2536; x_wconf 86' lang='lat' dir='ltr'>speciem</span> <span class='ocrx_word' id='word_1_368' title='bbox 1245 2481 1428 2538; x_wconf 86' lang='lat' dir='ltr'>legionis</span> <span class='ocrx_word' id='word_1_369' title='bbox 1444 2481 1721 2537; x_wconf 81' lang='lat' dir='ltr'>praeferrent,</span> <span class='ocrx_word' id='word_1_370' title='bbox 1752 2482 1828 2523; x_wconf 90' lang='lat' dir='ltr'>sed</span> <span class='ocrx_word' id='word_1_371' title='bbox 1845 2481 1927 2523; x_wconf 90' lang='lat' dir='ltr'>sub</span> <span class='ocrx_word' id='word_1_372' title='bbox 1958 2483 2135 2537; x_wconf 90' lang='lat' dir='ltr'>proprio</span> <span class='ocrx_word' id='word_1_373' title='bbox 2156 2483 2378 2523; x_wconf 88' lang='lat' dir='ltr'>tenderent</span> <span class='ocrx_word' id='word_1_374' title='bbox 2407 2483 2584 2532; x_wconf 85' lang='lat' dir='ltr'>vexillo,</span> 
     </span>
     <span class='ocr_line' id='line_1_32' title="bbox 261 2552 2582 2610; baseline 0 -14"><span class='ocrx_word' id='word_1_375' title='bbox 261 2568 361 2596; x_wconf 89' lang='lat' dir='ltr'>cum</span> <span class='ocrx_word' id='word_1_376' title='bbox 390 2552 571 2609; x_wconf 81' lang='lat' dir='ltr'>profecti</span> <span class='ocrx_word' id='word_1_377' title='bbox 600 2553 789 2608; x_wconf 89' lang='lat' dir='ltr'>aquilam</span> <span class='ocrx_word' id='word_1_378' title='bbox 819 2568 962 2596; x_wconf 90' lang='lat' dir='ltr'>secum</span> <span class='ocrx_word' id='word_1_379' title='bbox 992 2554 1274 2597; x_wconf 86' lang='lat' dir='ltr'>abstulissent.</span> <span class='ocrx_word' id='word_1_380' title='bbox 1335 2555 1389 2597; x_wconf 92' lang='lat' dir='ltr'>Id</span> <span class='ocrx_word' id='word_1_381' title='bbox 1418 2555 1545 2597; x_wconf 88' lang='lat' dir='ltr'>etiam</span> <span class='ocrx_word' id='word_1_382' title='bbox 1574 2555 1847 2597; x_wconf 88' lang='lat' dir='ltr'>verisimilius</span> <span class='ocrx_word' id='word_1_383' title='bbox 1875 2555 1975 2596; x_wconf 91' lang='lat' dir='ltr'>inde</span> <span class='ocrx_word' id='word_1_384' title='bbox 2004 2556 2166 2605; x_wconf 86' lang='lat' dir='ltr'>evadit,</span> <span class='ocrx_word' id='word_1_385' title='bbox 2198 2555 2317 2610; x_wconf 91' lang='lat' dir='ltr'>quod</span> <span class='ocrx_word' id='word_1_386' title='bbox 2346 2556 2432 2597; x_wconf 88' lang='lat' dir='ltr'>iam</span> <span class='ocrx_word' id='word_1_387' title='bbox 2461 2555 2582 2597; x_wconf 87' lang='lat' dir='ltr'>aliud</span> 
     </span>
     <span class='ocr_line' id='line_1_33' title="bbox 262 2626 2586 2685; baseline 0.001 -16"><span class='ocrx_word' id='word_1_388' title='bbox 262 2626 466 2669; x_wconf 89' lang='lat' dir='ltr'>vexillum</span> <span class='ocrx_word' id='word_1_389' title='bbox 495 2626 687 2669; x_wconf 82' lang='lat' dir='ltr'>eiusdem</span> <span class='ocrx_word' id='word_1_390' title='bbox 714 2626 898 2683; x_wconf 86' lang='lat' dir='ltr'>legionis</span> <span class='ocrx_word' id='word_1_391' title='bbox 927 2627 1157 2684; x_wconf 87' lang='lat' dir='ltr'>vigesimae</span> <span class='ocrx_word' id='word_1_392' title='bbox 1187 2627 1398 2670; x_wconf 87' lang='lat' dir='ltr'>secundae</span> <span class='ocrx_word' id='word_1_393' title='bbox 1427 2644 1453 2670; x_wconf 90' lang='lat' dir='ltr'>a</span> <span class='ocrx_word' id='word_1_394' title='bbox 1481 2627 1655 2671; x_wconf 90' lang='lat' dir='ltr'>Nerone</span> <span class='ocrx_word' id='word_1_395' title='bbox 1674 2628 1731 2671; x_wconf 91' lang='lat' dir='ltr'>ad</span> <span class='ocrx_word' id='word_1_396' title='bbox 1761 2628 1919 2671; x_wconf 90' lang='lat' dir='ltr'>bellum</span> <span class='ocrx_word' id='word_1_397' title='bbox 1950 2627 2170 2670; x_wconf 89' lang='lat' dir='ltr'>Albanum</span> <span class='ocrx_word' id='word_1_398' title='bbox 2198 2628 2436 2685; x_wconf 89' lang='lat' dir='ltr'>gerendum</span> <span class='ocrx_word' id='word_1_399' title='bbox 2466 2630 2586 2672; x_wconf 89' lang='lat' dir='ltr'>exci-</span> 
     </span>
     <span class='ocr_line' id='line_1_34' title="bbox 260 2699 2582 2758; baseline 0.002 -17"><span class='ocrx_word' id='word_1_400' title='bbox 260 2706 353 2741; x_wconf 91' lang='lat' dir='ltr'>tum</span> <span class='ocrx_word' id='word_1_401' title='bbox 382 2707 485 2750; x_wconf 89' lang='lat' dir='ltr'>erat,</span> <span class='ocrx_word' id='word_1_402' title='bbox 516 2699 635 2754; x_wconf 87' lang='lat' dir='ltr'>quod</span> <span class='ocrx_word' id='word_1_403' title='bbox 666 2699 976 2742; x_wconf 82' lang='lat' dir='ltr'>Alexandriam</span> <span class='ocrx_word' id='word_1_404' title='bbox 1004 2701 1289 2756; x_wconf 87' lang='lat' dir='ltr'>praemissum</span> <span class='ocrx_word' id='word_1_405' title='bbox 1332 2709 1374 2743; x_wconf 89' lang='lat' dir='ltr'>et</span> <span class='ocrx_word' id='word_1_406' title='bbox 1410 2709 1631 2758; x_wconf 88' lang='lat' dir='ltr'>comperta</span> <span class='ocrx_word' id='word_1_407' title='bbox 1673 2701 1867 2758; x_wconf 86' lang='lat' dir='ltr'>Vindicis</span> <span class='ocrx_word' id='word_1_408' title='bbox 1906 2702 2112 2744; x_wconf 89' lang='lat' dir='ltr'>seditione</span> <span class='ocrx_word' id='word_1_409' title='bbox 2141 2717 2292 2744; x_wconf 89' lang='lat' dir='ltr'>rursus</span> <span class='ocrx_word' id='word_1_410' title='bbox 2333 2711 2582 2746; x_wconf 83' lang='lat' dir='ltr'>revocatum</span> 
     </span>
     <span class='ocr_line' id='line_1_35' title="bbox 261 2771 2583 2833; baseline 0.002 -19"><span class='ocrx_word' id='word_1_411' title='bbox 261 2778 364 2814; x_wconf 89' lang='lat' dir='ltr'>tunc</span> <span class='ocrx_word' id='word_1_412' title='bbox 393 2771 558 2815; x_wconf 84' lang='lat' dir='ltr'>Romae</span> <span class='ocrx_word' id='word_1_413' title='bbox 587 2771 754 2829; x_wconf 89' lang='lat' dir='ltr'>degisse</span> <span class='ocrx_word' id='word_1_414' title='bbox 783 2786 839 2814; x_wconf 90' lang='lat' dir='ltr'>ex</span> <span class='ocrx_word' id='word_1_415' title='bbox 867 2771 926 2814; x_wconf 90' lang='lat' dir='ltr'>H.</span> <span class='ocrx_word' id='word_1_416' title='bbox 957 2771 981 2814; x_wconf 97' lang='lat' dir='ltr'>I</span> <span class='ocrx_word' id='word_1_417' title='bbox 1013 2773 1051 2815; x_wconf 87' lang='lat'>6.</span> <span class='ocrx_word' id='word_1_418' title='bbox 1083 2774 1151 2816; x_wconf 83' lang='lat'>32.</span> <span class='ocrx_word' id='word_1_419' title='bbox 1182 2772 1452 2816; x_wconf 80' lang='lat' dir='ltr'>manifestum</span> <span class='ocrx_word' id='word_1_420' title='bbox 1481 2782 1556 2816; x_wconf 90' lang='lat' dir='ltr'>est.</span> <span class='ocrx_word' id='word_1_421' title='bbox 1617 2771 1751 2827; x_wconf 84' lang='lat' dir='ltr'>Quod</span> <span class='ocrx_word' id='word_1_422' title='bbox 1781 2773 1817 2816; x_wconf 89' lang='lat' dir='ltr'>si</span> <span class='ocrx_word' id='word_1_423' title='bbox 1846 2788 1993 2816; x_wconf 90' lang='lat' dir='ltr'>verum</span> <span class='ocrx_word' id='word_1_424' title='bbox 2023 2781 2087 2816; x_wconf 88' lang='lat' dir='ltr'>est</span> <span class='ocrx_word' id='word_1_425' title='bbox 2103 2807 2115 2825; x_wconf 91' lang='lat'>,</span> <span class='ocrx_word' id='word_1_426' title='bbox 2144 2774 2191 2817; x_wconf 93' lang='lat' dir='ltr'>id</span> <span class='ocrx_word' id='word_1_427' title='bbox 2220 2774 2321 2818; x_wconf 90' lang='lat' dir='ltr'>inde</span> <span class='ocrx_word' id='word_1_428' title='bbox 2350 2790 2449 2818; x_wconf 91' lang='lat' dir='ltr'>cum</span> <span class='ocrx_word' id='word_1_429' title='bbox 2476 2791 2583 2833; x_wconf 86' lang='lat' dir='ltr'>pro-</span> 
     </span>
     <span class='ocr_line' id='line_1_36' title="bbox 262 2842 2588 2906; baseline 0.003 -20"><span class='ocrx_word' id='word_1_430' title='bbox 262 2842 483 2886; x_wconf 89' lang='lat' dir='ltr'>babilitate</span> <span class='ocrx_word' id='word_1_431' title='bbox 513 2845 699 2901; x_wconf 89' lang='lat' dir='ltr'>quadam</span> <span class='ocrx_word' id='word_1_432' title='bbox 728 2844 923 2887; x_wconf 89' lang='lat' dir='ltr'>conicere</span> <span class='ocrx_word' id='word_1_433' title='bbox 956 2844 1076 2897; x_wconf 90' lang='lat' dir='ltr'>licet,</span> <span class='ocrx_word' id='word_1_434' title='bbox 1107 2845 1163 2887; x_wconf 89' lang='lat' dir='ltr'>ab</span> <span class='ocrx_word' id='word_1_435' title='bbox 1200 2860 1286 2888; x_wconf 81' lang='lat' dir='ltr'>una</span> <span class='ocrx_word' id='word_1_436' title='bbox 1314 2845 1482 2904; x_wconf 91' lang='lat' dir='ltr'>legione</span> <span class='ocrx_word' id='word_1_437' title='bbox 1511 2861 1599 2889; x_wconf 92' lang='grc' dir='ltr'><strong>ιιοιι</strong></span> <span class='ocrx_word' id='word_1_438' title='bbox 1635 2847 1762 2904; x_wconf 87' lang='lat' dir='ltr'>plura</span> <span class='ocrx_word' id='word_1_439' title='bbox 1792 2846 1946 2889; x_wconf 84' lang='lat' dir='ltr'>vexilla</span> <span class='ocrx_word' id='word_1_440' title='bbox 1975 2847 2102 2889; x_wconf 90' lang='lat' dir='ltr'>simul</span> <span class='ocrx_word' id='word_1_441' title='bbox 2142 2847 2269 2891; x_wconf 85' lang='lat' dir='ltr'>avelli</span> <span class='ocrx_word' id='word_1_442' title='bbox 2297 2863 2451 2906; x_wconf 90' lang='lat' dir='ltr'>posse,</span> <span class='ocrx_word' id='word_1_443' title='bbox 2482 2850 2588 2905; x_wconf 90' lang='lat' dir='ltr'>quin</span> 
     </span>
    </p>
   </div>
   <div class='ocr_carea' id='block_1_3' title="bbox 313 2993 2590 3281">
    <p class='ocr_par' dir='ltr' id='par_1_5' title="bbox 316 2993 2586 3100">
     <span class='ocr_line' id='line_1_37' title="bbox 316 2993 2586 3045; baseline 0.002 -14"><span class='ocrx_word' id='word_1_444' title='bbox 316 2993 366 3040; x_wconf 80' lang='lat'>²²)</span> <span class='ocrx_word' id='word_1_445' title='bbox 403 2999 448 3031; x_wconf 74' lang='lat' dir='ltr'>cf.</span> <span class='ocrx_word' id='word_1_446' title='bbox 477 2999 545 3031; x_wconf 89' lang='lat' dir='ltr'>Dio</span> <span class='ocrx_word' id='word_1_447' title='bbox 574 2998 674 3033; x_wconf 80' lang='lat' dir='ltr'>Cass.</span> <span class='ocrx_word' id='word_1_448' title='bbox 703 2999 767 3032; x_wconf 79' lang='lat' dir='ltr'>XL</span> <span class='ocrx_word' id='word_1_449' title='bbox 811 2998 868 3032; x_wconf 88' lang='lat'>18.</span> <span class='ocrx_word' id='word_1_450' title='bbox 921 2998 941 3031; x_wconf 86' lang='grc' dir='ltr'>ὁ</span> <span class='ocrx_word' id='word_1_451' title='bbox 967 3000 1038 3045; x_wconf 71' lang='grc' dir='ltr'>γὰρ</span> <span class='ocrx_word' id='word_1_452' title='bbox 1066 2998 1167 3036; x_wconf 78' lang='grc' dir='ltr'>αἐιός</span> <span class='ocrx_word' id='word_1_453' title='bbox 1193 3016 1241 3024; x_wconf 95' lang='grc'>-</span> <span class='ocrx_word' id='word_1_454' title='bbox 1268 3001 1482 3032; x_wconf 73' lang='grc' dir='ltr'><strong>καθίσταται</strong></span> <span class='ocrx_word' id='word_1_455' title='bbox 1508 2999 1548 3032; x_wconf 75' lang='grc' dir='ltr'>ἐν</span> <span class='ocrx_word' id='word_1_456' title='bbox 1586 2999 1681 3032; x_wconf 81' lang='grc' dir='ltr'><strong>πᾶσι</strong></span> <span class='ocrx_word' id='word_1_457' title='bbox 1707 3003 1782 3036; x_wconf 79' lang='grc' dir='ltr'>τοῖς</span> <span class='ocrx_word' id='word_1_458' title='bbox 1818 2999 1857 3032; x_wconf 78' lang='grc' dir='ltr'>ἐκ</span> <span class='ocrx_word' id='word_1_459' title='bbox 1883 3002 1944 3033; x_wconf 75' lang='grc' dir='ltr'>τοῦ</span> <span class='ocrx_word' id='word_1_460' title='bbox 1983 2998 2181 3045; x_wconf 76' lang='grc' dir='ltr'><strong><em>καταλόγου</em></strong></span> <span class='ocrx_word' id='word_1_461' title='bbox 2222 2999 2497 3045; x_wconf 73' lang='grc' dir='ltr'><strong>στρατοπέδοις,</strong></span> <span class='ocrx_word' id='word_1_462' title='bbox 2526 3004 2586 3035; x_wconf 76' lang='grc' dir='ltr'>καὶ</span> 
     </span>
     <span class='ocr_line' id='line_1_38' title="bbox 402 3055 2011 3100; baseline 0.002 -11"><span class='ocrx_word' id='word_1_463' title='bbox 402 3055 585 3100; x_wconf 76' lang='grc' dir='ltr'>οὐδαμόσε</span> <span class='ocrx_word' id='word_1_464' title='bbox 602 3058 653 3097; x_wconf 58' lang='grc' dir='ltr'>,ἐκ</span> <span class='ocrx_word' id='word_1_465' title='bbox 678 3061 748 3091; x_wconf 78' lang='grc' dir='ltr'>τῶν</span> <span class='ocrx_word' id='word_1_466' title='bbox 771 3055 990 3100; x_wconf 76' lang='grc' dir='ltr'><strong>χειμαδίων,</strong></span> <span class='ocrx_word' id='word_1_467' title='bbox 1020 3057 1114 3097; x_wconf 61' lang='grc' dir='ltr'>πλὴν</span> <span class='ocrx_word' id='word_1_468' title='bbox 1139 3059 1177 3089; x_wconf 78' lang='grc' dir='ltr'>εἴ</span> <span class='ocrx_word' id='word_1_469' title='bbox 1201 3058 1279 3090; x_wconf 81' lang='lat'><em>7101&#39;</em></span> <span class='ocrx_word' id='word_1_470' title='bbox 1309 3056 1460 3100; x_wconf 81' lang='grc' dir='ltr'><strong>σύμπας</strong></span> <span class='ocrx_word' id='word_1_471' title='bbox 1488 3057 1507 3090; x_wconf 89' lang='lat'>0‘</span> <span class='ocrx_word' id='word_1_472' title='bbox 1536 3059 1683 3100; x_wconf 79' lang='grc' dir='ltr'><strong>σιρατὸς</strong></span> <span class='ocrx_word' id='word_1_473' title='bbox 1711 3059 1811 3096; x_wconf 77' lang='grc' dir='ltr'><strong>ἐξίοι,</strong></span> <span class='ocrx_word' id='word_1_474' title='bbox 1841 3063 2011 3092; x_wconf 68' lang='grc' dir='ltr'><strong>κινεῖται.</strong></span> 
     </span>
    </p>

    <p class='ocr_par' dir='ltr' id='par_1_6' title="bbox 314 3113 877 3156">
     <span class='ocr_line' id='line_1_39' title="bbox 314 3113 877 3156; baseline 0 -7"><span class='ocrx_word' id='word_1_475' title='bbox 314 3113 364 3156; x_wconf 78' lang='lat'>²³)</span> <span class='ocrx_word' id='word_1_476' title='bbox 401 3127 431 3151; x_wconf 83' lang='lat' dir='ltr'>v.</span> <span class='ocrx_word' id='word_1_477' title='bbox 460 3118 581 3150; x_wconf 80' lang='lat' dir='ltr'>Ritter.</span> <span class='ocrx_word' id='word_1_478' title='bbox 610 3118 651 3149; x_wconf 85' lang='lat' dir='ltr'>sd</span> <span class='ocrx_word' id='word_1_479' title='bbox 680 3118 724 3150; x_wconf 88' lang='lat' dir='ltr'>H.</span> <span class='ocrx_word' id='word_1_480' title='bbox 753 3118 791 3151; x_wconf 91' lang='lat'>11</span> <span class='ocrx_word' id='word_1_481' title='bbox 819 3117 877 3150; x_wconf 82' lang='lat'>57.</span> 
     </span>
    </p>

    <p class='ocr_par' dir='ltr' id='par_1_7' title="bbox 313 3170 2590 3281">
     <span class='ocr_line' id='line_1_40' title="bbox 313 3170 2590 3224; baseline 0.003 -16"><span class='ocrx_word' id='word_1_482' title='bbox 313 3170 364 3216; x_wconf 78' lang='lat'>²¹⁸)</span> <span class='ocrx_word' id='word_1_483' title='bbox 399 3176 443 3210; x_wconf 69' lang='lat' dir='ltr'>cf.</span> <span class='ocrx_word' id='word_1_484' title='bbox 471 3177 658 3210; x_wconf 78' lang='lat' dir='ltr'>orationem</span> <span class='ocrx_word' id='word_1_485' title='bbox 684 3176 804 3210; x_wconf 77' lang='lat' dir='ltr'>civilis</span> <span class='ocrx_word' id='word_1_486' title='bbox 830 3176 875 3210; x_wconf 84' lang='grc' dir='ltr'>Η.</span> <span class='ocrx_word' id='word_1_487' title='bbox 902 3175 955 3209; x_wconf 82' lang='lat' dir='ltr'>lv</span> <span class='ocrx_word' id='word_1_488' title='bbox 985 3176 1042 3209; x_wconf 70' lang='lat'>14.</span> <span class='ocrx_word' id='word_1_489' title='bbox 1095 3174 1277 3218; x_wconf 81' lang='lat' dir='ltr'>Nunquam</span> <span class='ocrx_word' id='word_1_490' title='bbox 1303 3177 1411 3217; x_wconf 82' lang='lat' dir='ltr'>magis</span> <span class='ocrx_word' id='word_1_491' title='bbox 1439 3175 1604 3210; x_wconf 80' lang='lat' dir='ltr'>afflictam</span> <span class='ocrx_word' id='word_1_492' title='bbox 1631 3187 1703 3210; x_wconf 87' lang='lat' dir='ltr'>rem</span> <span class='ocrx_word' id='word_1_493' title='bbox 1730 3178 1920 3211; x_wconf 82' lang='lat' dir='ltr'>Romanam</span> <span class='ocrx_word' id='word_1_494' title='bbox 1947 3189 2011 3212; x_wconf 83' lang='lat' dir='ltr'>nec</span> <span class='ocrx_word' id='word_1_495' title='bbox 2038 3181 2131 3212; x_wconf 81' lang='lat' dir='ltr'>aliud</span> <span class='ocrx_word' id='word_1_496' title='bbox 2160 3182 2193 3214; x_wconf 88' lang='lat' dir='ltr'>in</span> <span class='ocrx_word' id='word_1_497' title='bbox 2222 3183 2341 3214; x_wconf 77' lang='lat' dir='ltr'>castris</span> <span class='ocrx_word' id='word_1_498' title='bbox 2370 3191 2474 3224; x_wconf 76' lang='lat' dir='ltr'>quam</span> <span class='ocrx_word' id='word_1_499' title='bbox 2486 3191 2590 3224; x_wconf 76' lang='lat' dir='ltr'>prae-</span> 
     </span>
     <span class='ocr_line' id='line_1_41' title="bbox 407 3235 2106 3281; baseline 0.004 -15"><span class='ocrx_word' id='word_1_500' title='bbox 407 3236 484 3267; x_wconf 86' lang='lat' dir='ltr'>dam</span> <span class='ocrx_word' id='word_1_501' title='bbox 512 3241 546 3267; x_wconf 90' lang='lat' dir='ltr'>et</span> <span class='ocrx_word' id='word_1_502' title='bbox 572 3245 684 3270; x_wconf 69' lang='lat' dir='ltr'>senes.</span> <span class='ocrx_word' id='word_1_503' title='bbox 711 3236 917 3268; x_wconf 80' lang='lat' dir='ltr'>Attollerent</span> <span class='ocrx_word' id='word_1_504' title='bbox 942 3240 1072 3267; x_wconf 86' lang='lat' dir='ltr'>tantum</span> <span class='ocrx_word' id='word_1_505' title='bbox 1100 3235 1218 3267; x_wconf 82' lang='lat' dir='ltr'>oculos</span> <span class='ocrx_word' id='word_1_506' title='bbox 1245 3239 1278 3266; x_wconf 81' lang='lat' dir='ltr'>et</span> <span class='ocrx_word' id='word_1_507' title='bbox 1303 3235 1419 3267; x_wconf 79' lang='lat' dir='ltr'>inania</span> <span class='ocrx_word' id='word_1_508' title='bbox 1445 3235 1618 3277; x_wconf 80' lang='lat' dir='ltr'>legionum</span> <span class='ocrx_word' id='word_1_509' title='bbox 1644 3238 1782 3271; x_wconf 76' lang='lat' dir='ltr'>nomina</span> <span class='ocrx_word' id='word_1_510' title='bbox 1807 3248 1850 3271; x_wconf 85' lang='lat' dir='ltr'>ne</span> <span class='ocrx_word' id='word_1_511' title='bbox 1878 3247 2106 3281; x_wconf 78' lang='lat' dir='ltr'>pavescerent.</span> 
     </span>
    </p>
   </div>
   <div class='ocr_carea' id='block_1_4' title="bbox 2750 3583 2982 3685">
    <p class='ocr_par' dir='ltr' id='par_1_8' title="bbox 2750 3583 2982 3685">
     <span class='ocr_line' id='line_1_42' title="bbox 2750 3583 2982 3685; baseline 0 0"><span class='ocrx_word' id='word_1_512' title='bbox 2750 3583 2982 3685; x_wconf 95' lang='lat' dir='ltr'> </span> 
     </span>
    </p>
   </div>
  </div>
 </body>
</html>
