2982 3685
1295 236 1579 282 ...12-

262 347 425 397 velum
433 347 747 400 matractione..
755 347 957 401 efficitur.
975 348 1093 396 nihil
1120 348 1248 395 aliud
1259 357 1339 395 est
1362 364 1495 405 quam
1520 350 1854 397 inmunem-n
1882 346 2108 404 quodda-
2112 345 2605 406 promovendum&-

261 429 403 466 sutsm
428 420 593 470 torma
601 436 657 465 ex
684 422 837 467 eadem
865 422 1002 480 stirpe
1029 421 1216 467 deducta
1243 429 1309 466 est
1337 421 1594 469 vehiculum.
1634 421 1737 468 Illa
1745 422 1817 469 ds
1827 421 1944 469 solis
1953 420 2167 469 ,novibus
2163 427 2384 479 usurpata
2400 419 2602 471 latiorem

267 508 440 538 sensum
470 493 628 547 induit,
657 503 705 538 ut
734 503 857 540 esset
868 506 1067 554 pannus,
1095 503 1389 553 tegumentum
1425 494 1615 553 quodvis
1652 493 1888 545 ,obtentum
1904 494 2065 542 forms·
2084 495 2298 552 quadrata
2314 501 2367 538 et
2393 494 2449 539 in
2463 502 2601 552 conte

262 567 413 625 aliquo
440 582 714 626 suspensum.
792 568 902 613 Inde
930 568 1244 613 deminutivum
1273 568 1486 612 formatur
1514 575 1564 612 ut
1591 582 1647 611 ex
1676 568 1790 612 mala
1809 568 1999 619 maxilla,
2026 583 2103 612 ex
2100 569 2190 614 ala
2207 567 2353 619 axilla,
2383 567 2607 625 expo-:Bo

262 640 525 699 pauxillum,
569 641 632 685 sic
660 655 713 685 ex
742 640 840 686 velo
858 641 1089 693 vexillum,
1119 642 1239 699 quod
1268 650 1332 686 est
1359 656 1531 700 pannus
1557 641 1743 699 exignus
1771 650 2004 698 tanquam
2015 641 2190 699 signum
2219 641 2264 685 in
2295 650 2425 685 conto
2455 649 2603 686 tram·-

267 729 439 759 versum
469 713 677 758 militibus
705 715 993 772 propositum.
1007 715 1068 770 ⁴⁸²)

379 787 602 845 Signum
632 796 784 832 contra
810 796 876 831 est
913 797 1018 832 nota
1034 760 1262 845 quaedam,
1296 804 1384 844 qua
1413 804 1504 833 rem
1533 797 1693 833 certam
1722 789 1790 834 vel
1818 756 1977 833 similes
2002 788 2195 833 eiusdem
2225 789 2424 845 corporis
2456 795 2602 845 partes

265 863 326 904 ita
352 862 608 918 distinguas,
638 871 686 904 ut
716 877 803 904 non
833 863 919 905 iam
948 863 1154 905 confundi
1198 863 1377 920 possint.
1438 862 1589 916 Quare
1624 864 1668 906 in
1699 878 1746 906 re
1776 862 1948 906 militari
1976 862 2122 906 omnia
2154 860 2371 906 exercitus
2400 859 2603 918 insignia,

270 933 429 990 quibus
458 934 631 992 singula
659 934 836 978 militiae
865 951 1026 993 genera
1052 934 1122 979 vel
1152 935 1343 979 eiusdem
1373 936 1571 994 corporis
1611 943 1756 993 partes
1795 936 2117 993 dispescantur,
2158 935 2212 979 in·
2234 934 2482 978 universum
2514 941 2603 978 uno

269 1008 493 1065 signorum
523 1007 699 1051 nomine
739 1007 956 1052 dicuntur.
1016 1006 1151 1062 Quod
1200 1023 1330 1064 quam
1366 1008 1450 1052 late
1497 1017 1643 1066 pateat
1679 1010 1924 1067 quibusque
1973 1009 2132 1054 finibus
2163 1007 2602 1053 circumscribendum

205 1148 210 1152 .
270 1082 484 1132 videatur,
512 1096 569 1125 ex
598 1080 879 1137 sequentibus
908 1081 1051 1125 statim
1081 1080 1330 1140 apparebit3
1359 1082 1418 1125 ita
1446 1090 1588 1127 autem
1619 1099 1711 1128 rem
1747 1084 1971 1129 instituere
1999 1083 2128 1135 libet.
2161 1091 2207 1128 ut
2235 1083 2382 1140 priore
2423 1081 2521 1127 loco
2551 1082 2606 1126 de

269 1155 406 1213 signis
435 1155 480 1197 in
500 1155 750 1198 universum
765 1188 776 1206 ,
807 1155 943 1199 altero
974 1156 1027 1198 de
1057 1156 1192 1214 signis
1222 1156 1405 1199 arctiore
1443 1172 1571 1200 sensu
1600 1157 1946 1215 interpretandis,
1967 1157 2154 1213 denique
2183 1156 2237 1200 de
2270 1155 2434 1200 vexillis
2452 1188 2463 1206 ‚
2495 1170 2606 1212 quae

272 1229 451 1287 proprie
480 1229 697 1280 dicuntur,
726 1229 874 1286 paullo
903 1229 1041 1274 fusius
1070 1237 1236 1287 agatur.
1297 1229 1389 1272 Iam
1420 1230 1644 1274 historiam
1674 1231 1897 1289 signorum
1927 1230 2109 1289 legionis
2139 1230 2416 1281 evolvamus,
2449 1238 2496 1273 ut
2534 1229 2609 1285 qui

269 1302 398 1345 fuerit
426 1301 566 1345 Taciti
596 1309 733 1345 aetate
765 1303 874 1346 ordo
905 1302 1164 1358 habitusque
1194 1302 1465 1360 singulorum
1504 1304 1675 1360 penitus
1691 1306 1987 1362 perspiciatur.
2039 1303 2190 1361 Atque
2219 1303 2410 1360 aquilam
2456 1304 2555 1347 inde
2585 1321 2612 1347 a

270 1375 461 1419 secundo
491 1373 625 1417 Marii
654 1375 881 1417 consulatu
909 1391 949 1418 a.
981 1377 1063 1418 107
1093 1391 1130 1417 a.
1153 1374 1258 1422 Chr.
1289 1376 1535 1419 universam
1563 1376 1776 1434 legionem
1792 1379 1982 1429 duxisse,
2012 1377 2144 1421 Plinii
2174 1376 2417 1420 testimonio
2454 1377 2612 1420 diserte

269 1449 515 1493 edocemur.
536 1451 589 1497 ⁴³)
620 1448 874 1505 Antiquatis
897 1449 983 1492 iam
1012 1449 1231 1506 luporum,
1262 1450 1606 1494 minotaurorum
1637 1451 1689 1494 al.
1720 1452 1995 1510 imaginibus,
2025 1451 2119 1495 sola
2146 1449 2305 1507 aquila,
2342 1465 2458 1507 quae
2487 1459 2614 1494 antea

274 1526 463 1582 primum
495 1525 689 1568 omnium
719 1524 873 1574 fuerat,
903 1521 1106 1565 manebat
1134 1523 1359 1566 universae
1386 1521 1572 1580 legionis
1600 1523 1791 1582 insigne,
1822 1541 1922 1570 cum
1951 1524 2145 1582 singulae
2174 1523 2375 1567 cohortes
2410 1522 2485 1566 illa
2515 1523 2612 1579 qui·

273 1599 370 1641 dem
402 1606 539 1641 aetate
569 1598 705 1654 signis
736 1604 972 1647 uterentur,
987 1597 1048 1652 4¹⁸)
1079 1611 1191 1651 quae
1220 1604 1269 1639 ut
1298 1595 1444 1652 aquila
1480 1596 1577 1653 ipsa
1604 1596 1650 1639 in
1680 1593 1898 1638 veteribus
1926 1592 2215 1636 monumentis
2253 1591 2412 1648 passim
2446 1591 2613 1634 vexillis

272 1679 425 1714 ornata
453 1671 682 1721 videntur,
711 1670 774 1712 ita
800 1678 849 1712 ut
877 1683 966 1711 non
996 1668 1072 1711 uni
1101 1669 1230 1712 alicui
1260 1669 1484 1727 signorum
1513 1668 1689 1727 generi,
1734 1668 1810 1711 sed
1841 1665 2042 1710 omnibus
2073 1664 2316 1722 promiscue
2345 1662 2503 1706 vexilla
2530 1663 2609 1706 ad-

273 1743 486 1802 signanda
516 1743 613 1786 sint.
672 1742 853 1785 Praeter
880 1740 1038 1784 vexilla
1056 1749 1198 1784 autem
1228 1741 1348 1783 varia
1361 1750 1484 1784 erant
1498 1751 1763 1791 ornamenta,
1795 1738 1968 1795 quibus,
1998 1752 2110 1794 quae
2129 1738 2307 1794 proprie
2342 1736 2611 1788 dicebantur,

277 1827 324 1862 ut
352 1817 548 1875 equitum
578 1825 620 1860 et
650 1816 989 1867 vexillariorum,
1019 1830 1190 1872 semper
1219 1815 1434 1859 carebant.
1449 1816 1508 1872 ¹²⁵)

394 1889 519 1950 Signi
547 1890 681 1949 igitur
709 1888 926 1934 vocabulo
955 1888 1133 1933 Tacitus
1161 1897 1236 1932 aut
1263 1888 1469 1946 generali,
1501 1903 1630 1945 quam
1660 1902 1794 1945 supra
1823 1886 1929 1938 dixi,
1959 1885 2135 1928 notione
2165 1884 2325 1936 utitur,
2355 1893 2402 1927 ut
2432 1884 2610 1941 quaevis

275 1964 488 2008 exercitus
517 1963 704 2022 insignia
733 1963 920 2014 denotet,
949 1969 1024 2005 aut
1052 1962 1236 2006 arctiore
1262 1977 1392 2006 sensu
1408 1995 1420 2015 ,
1452 1978 1540 2020 quo
1570 1962 1638 2006 vel
1666 1961 1886 2020 legionum
1930 1957 2182 2004 cohortibus
2228 1957 2294 2001 vel
2324 1957 2541 2001 sociorum
2571 1965 2613 2002 et

275 2037 654 2096 praetorianorum
684 2035 875 2080 numeris
904 2035 1131 2094 proprium
1161 2034 1324 2080 tribuit.
1337 2035 1395 2094 ¹⁸⁶)

389 2109 424 2153 1.
460 2113 497 2154 1.
533 2110 679 2167 Atque
708 2109 851 2167 primo
880 2107 980 2152 loco
1009 2108 1133 2167 signa
1168 2108 1373 2152 dicuntur
1420 2108 1538 2152 solae
1580 2107 1809 2164 aquilae
1838 2105 2030 2162 exceptis
2079 2104 2325 2147 cohortium
2354 2103 2609 2161 insignibus.

274 2185 360 2229 Sic.
376 2185 494 2228 Ann.
525 2184 548 2226 1
563 2184 584 2226 Ι
613 2186 642 2225 4
656 2185 694 2226 1.
726 2182 800 2227 Ob
831 2192 1004 2240 recepta
1017 2183 1142 2240 signa
1171 2197 1270 2224 cum
1284 2181 1402 2224 Varo
1433 2182 1603 2224 amissa.
1628 2207 1681 2216 -
1696 2180 2003 2241 Intelliguntur
2031 2185 2176 2221 autem
2205 2178 2316 2220 duae
2346 2176 2528 2232 aquilae,
2561 2177 2615 2219 de

276 2257 435 2315 quibus
466 2258 584 2301 Anu.
629 2257 652 2300 1
691 2259 749 2300 60
777 2264 819 2298 et
850 2256 897 2298 II
948 2258 1001 2299 25
1053 2257 1310 2299 mentionem
1355 2257 1511 2298 iniecit.
1574 2255 1780 2298 Fortasse
1811 2254 1939 2298 etiam
1968 2253 2053 2297 huc
2085 2252 2184 2295 facit
2237 2251 2293 2294 H.
2326 2250 2385 2294 II
2416 2252 2493 2293 81.
2528 2249 2618 2300 „Ut

325 2463 379 2505 ⁸²)
415 2465 591 2496 Diversum
633 2463 842 2503 eandemque
883 2461 1003 2493 miram
1042 2460 1214 2492 derivandi
1258 2461 1422 2493 rationem
1459 2460 1532 2492 iniit
1573 2457 1823 2492 Doederlinius.
1879 2457 1953 2491 Lat.
1988 2456 2175 2498 synonym.
2205 2462 2270 2488 etc.
2299 2452 2343 2487 V.
2371 2463 2405 2496 p.
2438 2452 2527 2488 210.
2561 2454 2617 2497 qui

413 2532 490 2555 eum
518 2521 681 2553 vexillum
706 2531 728 2552 s
753 2520 919 2559 vexando,
945 2518 1098 2559 vegendo
1111 2518 1256 2557 deducit,
1281 2519 1394 2551 velum
1420 2528 1463 2551 ex
1489 2518 1619 2551 veslum
1632 2523 1743 2550 ortum
1769 2517 1813 2550 sd
1840 2516 1978 2559 stirpem
1994 2515 2193 2549 substantivi
2220 2514 2333 2552 vestis.
2359 2513 2454 2554 goth.
2484 2513 2615 2554 vesjau

418 2579 578 2616 beatium
605 2579 734 2613 referre
760 2579 880 2612 studet.

329 2637 380 2681 ⁸³)
414 2640 508 2675 Plin.
535 2639 626 2674 Hist.
654 2644 725 2672 nat.
764 2637 820 2679 10,
847 2637 881 2672 5.
949 2636 1034 2669 Erat
1068 2640 1103 2668 et
1139 2641 1240 2668 antea
1278 2636 1389 2680 prima
1428 2646 1503 2669 cum
1546 2640 1703 2678 quattuor
1729 2634 1828 2676 aliis3
1856 2633 1939 2678 lupi,
1977 2634 2169 2673 minotauri,
2196 2632 2273 2675 equi
2300 2632 2439 2674 aprique
2466 2632 2621 2673 singulos

427 2701 564 2733 ordines
590 2700 776 2732 anteibant.
829 2699 875 2732 cf.
903 2698 1035 2738 Lange.
1063 2695 1153 2732 Hinc.
1180 2702 1263 2728 mut.
1291 2707 1326 2738 p.
1353 2695 1400 2729 23
1426 2706 1459 2728 n.
1489 2694 1524 2727 6.

333 2758 385 2800 Ἠ)
423 2760 539 2793 Aliter
565 2759 684 2800 Lange
711 2759 733 2791 1.
764 2759 788 2790 l.
816 2769 851 2800 p.
888 2757 948 2790 23.
993 2754 1054 2789 24.
1131 2755 1230 2788 Hanc
1256 2755 1377 2797 Langii
1420 2755 1643 2795 sententiam,
1667 2764 1736 2797 qua
1780 2755 1882 2788 etiam
1921 2753 1983 2787 illo
2009 2760 2162 2795 tempere
2197 2750 2448 2793 manipulorum
2474 2751 2623 2794 insignia

420 2819 556 2858 fuerint,
581 2818 705 2850 acriter
742 2818 920 2860 impugnat
959 2816 1131 2850 Buestow.
1198 2814 1275 2851 Φαθ
1315 2812 1505 2859 ,barmim
1545 2813 1603 2849 bec
1639 2813 1762 2857 Sulluss
1789 2809 1903 2853 &tisui-
1930 2822 1965 2856 p.
2015 2812 2077 2852 15;
2104 2812 2233 2844 Brenn.
2286 2808 2357 2844 θεῖ
2396 2808 2623 2853 Βῦβειιῐοδει

419 2875 581 2920 ἓεοικιῑδ,
609 2877 660 2912 ein
686 2875 856 2918 ιὸιιιίῐώιο
882 2875 1186 2921 &abominandum
1238 2875 1339 2907 Bonn
1370 2872 1467 2907 1857
1496 2884 1531 2917 p.
1560 2874 1621 2908 29.

331 2936 384 2979 ⁴⁸⁶)
424 2938 468 2971 ef.
497 2938 637 2971 Wiener
662 2938 706 2969 de
731 2937 800 2978 leg.
829 2937 949 2969 xxu.
980 2946 1015 2979 p.
1045 2936 1108 2972 68.
1163 2936 1282 2975 Lange
1308 2934 1331 2965 l.
1360 2934 1385 2966 1.
1412 2943 1447 2975 p.
1476 2929 1537 2965 47.

333 2994 385 3039 ⁶⁶)
419 2997 465 3030 ct.
493 2997 615 3029 Bitter.
642 2996 685 3029 ad
714 2996 807 3029 Ann.
834 2995 874 3029 11
905 2994 949 3029 17
974 2996 1017 3028 de
1043 2995 1110 3028 hac
1137 3006 1173 3028 rs
1198 2994 1310 3027 fusius
1336 2994 1575 3036 disputantem,
1601 2993 1649 3024 ita
1674 2998 1787 3024 tamen
1814 2999 1851 3024 ιιι
1878 2991 1979 3034 plane
2011 2990 2148 3023 diversa
2170 2998 2371 3031 componere
2398 2989 2482 3022 mihi
2509 2988 2622 3021 videa·

424 3064 491 3090 tur.
522 3073 566 3080 —
597 3056 653 3089 De
680 3056 787 3098 signis
813 3055 847 3088 in
873 3056 1066 3088 universnm
1095 3055 1260 3087 remittere
1276 3054 1389 3095 placet
1414 3052 1457 3085 ad
1484 3051 1537 3085 La
1563 3050 1719 3085 Chausse
1745 3054 1778 3085 in
1809 3049 1945 3085 Graevii
1971 3049 2080 3084 Thes.
2105 3049 2224 3093 Antiq.
2250 3048 2349 3083 Rom.
2376 3048 2412 3081 X
2438 3057 2472 3090 p.
2501 3050 2515 3079 1
2534 3046 2624 3081 528

423 3126 476 3161 sq.
528 3115 579 3150 Le
605 3115 713 3154 Bean,
739 3115 922 3149 Memoires
950 3116 992 3148 do
1009 3114 1208 3149 l'acsdemie
1225 3113 1268 3146 T.
1287 3111 1437 3147 XXXV.
1492 3111 1615 3149 Hsbel,
1643 3110 1721 3145 ubet
1745 3110 1796 3145 bie
1829 3110 2033 3154 8e1b3eidnen
2066 3110 2127 3144 bes
2152 3107 2324 3151 ιδιιιίῐώειι
2352 3109 2473 3153 βιαιο
2504 3107 2539 3141 ιιι
2564 3110 2626 3142 ben

422 3176 575 3212 {meten
601 3174 654 3217 fnit
697 3174 857 3219 &annuet
883 3176 1198 3214 Ultettbumstunbe.
1269 3174 1318 3211 11,
1363 3173 1386 3205 3
1416 3182 1448 3213 p.
1491 3171 1583 3204 2118.
1613 3172 1776 3205 Praetera
1802 3182 1832 3204 v.
1899 3170 2042 3206 Eekbel.
2082 3169 2249 3204 Doctrina
2294 3178 2485 3202 numerum.
2544 3167 2623 3200 Vol-

426 3237 499 3270 vu
526 3246 561 3279 ρ.
591 3235 679 3270 493.
768 3224 785 3240 ⁸
