2982 3685
1305 243 1563 283 ..3—

254 356 433 411 hostis,“
466 356 527 400 ita
556 355 673 408 domi
696 347 956 413 militiaeque
973 356 1031 400 ad
1048 354 1193 399 varios
1208 369 1314 399 usus
1329 353 1586 412 diversaque
1617 349 1793 397 militiae
1811 368 1989 396 munera
2006 351 2197 412 singulas
2212 353 2439 411 copiarum
2451 362 2599 413 partes

255 432 446 477 delectas
479 430 729 488 saepissime
759 431 1009 475 amandatas
1039 444 1133 473 esse
1174 435 1354 473 constat.
1377 429 1428 488 ¹⁰)
1489 428 1544 473 Id
1572 428 1619 471 in
1651 427 1865 471 bellorum
1904 427 2152 472 discrimine
2181 428 2225 471 in
2256 428 2480 474 Caesareis
2509 445 2601 474 ma-

254 506 369 550 xime
398 504 633 563 provinciis
664 502 825 547 factum
854 519 947 548 esse
968 510 1301 548 consentaneum
1321 510 1398 554 est,
1433 518 1531 546 cum
1561 501 1679 545 bello
1709 494 1856 556 aliquo
1873 508 2026 544 exorto
2057 500 2306 558 provinciae
2335 503 2380 545 in
2408 502 2594 547 confinio

256 579 450 623 hostium
480 577 647 635 positae
687 591 774 620 non
806 568 1007 621 omnibus
1047 576 1187 633 copiis
1220 575 1375 619 nudari
1413 584 1590 632 possent
1628 574 1890 630 eaedemque
1930 575 1986 617 ad
2014 574 2309 632 expeditiones
2348 575 2393 618 in
2421 576 2593 620 diverso

255 647 437 695 fortasse
466 641 680 695 terrarum
710 657 852 694 tractu
891 649 1108 695 faciendas
1158 649 1425 693 necessariae
1461 649 1722 692 viderentur.
1793 647 1901 693 Inde
1932 647 2069 690 robur
2110 648 2330 706 legionum
2372 648 2595 707 paullatim

255 724 511 767 subversum
541 737 657 773 esse,
689 738 789 765 cum
832 723 969 779 ignoti
999 738 1054 765 ex
1104 722 1284 782 diversis
1325 721 1521 777 partibus
1547 721 1699 763 -coacti
1738 735 1877 774 neque
1927 720 2016 762 ullo
2065 721 2389 764 necessitudinis
2419 722 2593 766 vinculo

255 796 368 839 inter
398 811 443 840 se
473 794 692 840 coniuncti
721 795 864 839 minus
894 794 1050 839 acriter
1078 802 1345 852 pugnarent,
1376 809 1455 837 suo
1501 794 1595 837 iure
1625 793 1736 837 inter
1777 801 2008 851 corruptae
2048 792 2222 837 militiae
2251 810 2400 838 causas
2430 795 2597 852 profert

256 869 465 927 Langius.
489 870 541 924 ¹¹)
601 868 685 911 His
716 868 890 912 delectis
920 884 1031 921 cum,
1064 869 1146 911 nisi
1175 876 1266 911 tota
1294 867 1406 925 legio
1437 883 1459 910 e
1490 867 1641 910 castris
1671 866 1950 918 educeretur,
1981 866 2202 923 religionis
2232 882 2360 910 causa
2405 868 2595 923 aquilam

258 941 468 1000 praeferri
499 956 587 984 non
617 941 762 985 liceret
780 975 789 993 ,
837 950 1041 999 tanquam
1071 942 1238 999 insigne
1269 939 1472 984 vexillum
1502 941 1730 998 proprium
1762 939 1966 983 tribuitur
1998 940 2168 997 ipsique
2197 955 2250 982 ex
2280 940 2495 996 frequenti
2512 955 2596 984 usu

258 1015 464 1059 dicuntur
483 1012 708 1059 vexillarii.
753 1012 898 1057 Aliam
931 1013 1175 1071 explicandi
1190 1014 1400 1059 rationem
1428 1013 1522 1057 iniit
1543 1013 1771 1058 Hertelius
1801 1030 1844 1071 p.
1876 1015 1930 1057 97
1962 1029 2051 1069 sq.;
2082 1013 2156 1069 qui
2186 1029 2283 1056 cum
2314 1030 2340 1056 a
2369 1013 2596 1069 praesidiis

261 1088 475 1146 agitandis
505 1087 801 1132 necessitatem
832 1087 1015 1132 militum
1045 1102 1068 1132 e
1112 1087 1357 1146 legionibus
1387 1087 1714 1146 deligendorum
1769 1087 1982 1132 deducere
2014 1095 2220 1138 conatur,
2280 1102 2419 1142 neque
2440 1087 2598 1132 iustam

261 1177 448 1213 causam,
482 1176 560 1205 cur
600 1162 650 1205 id·
675 1161 759 1205 illis
810 1162 983 1205 demum
1012 1162 1280 1219 temporibus
1308 1162 1469 1206 factum
1506 1177 1598 1206 esse
1628 1169 1800 1219 putaret
1829 1161 1970 1204 attulit
1999 1176 2138 1217 neque
2168 1176 2359 1217 unquam
2389 1161 2596 1218 exemplis

260 1235 456 1279 evincere
487 1234 700 1291 nobisque
729 1235 990 1292 persuadere
1020 1236 1192 1292 poterit,
1223 1251 1297 1279 eos
1327 1235 1501 1287 milites,
1547 1235 1623 1291 qui
1652 1235 1707 1279 ad
1741 1250 1841 1278 eum
1870 1250 1998 1278 usum
2037 1234 2167 1278 semel
2211 1233 2391 1277 adhibiti
2440 1243 2597 1287 essent,

260 1323 358 1352 cum
407 1308 493 1351 iam
524 1308 579 1351 ad
609 1323 731 1351 suam
761 1307 976 1364 legionem
1015 1308 1265 1360 rediissent,
1297 1308 1487 1365 propriis
1526 1307 1607 1352 sub
1638 1307 1806 1352 vexillis
1857 1308 2064 1351 mansisse
2093 1324 2143 1351 ac
2173 1308 2440 1359 vexillarios,
2471 1309 2598 1364 quasi

261 1380 403 1424 adhuc
432 1379 643 1432 abessent,
676 1379 913 1437 appellatos
944 1396 1048 1424 esse.
1108 1380 1248 1425 Immo
1279 1382 1417 1426 donec
1447 1381 1528 1425 sub
1559 1381 1716 1425 vexillo
1749 1398 1775 1424 a
1815 1389 1906 1425 toto
1937 1397 2121 1438 corpore
2152 1382 2332 1425 seiuncti
2361 1380 2595 1439 agitabant,

260 1460 303 1496 et
332 1459 454 1497 erant
484 1460 525 1497 et
554 1451 883 1511 appellabantur
913 1452 1142 1506 vexillarii,
1174 1454 1334 1498 reversi
1387 1453 1471 1498 iam
1513 1453 1582 1497 vel
1611 1454 1856 1498 cohortium
1885 1454 1954 1497 vel
2002 1454 2322 1511 manipulorum
2351 1453 2597 1500 nominibus

263 1532 312 1569 ut
342 1532 468 1569 antea
497 1524 886 1583 distinguebantur.
948 1525 1189 1571 Veteranos
1219 1537 1375 1580 autem,
1407 1543 1505 1571 cum
1535 1526 1803 1587 exauctorati
1838 1527 1938 1570 inde
1969 1526 2022 1570 ab
2040 1526 2231 1585 Augusti
2260 1536 2395 1571 aetate
2424 1527 2505 1571 sub
2520 1543 2600 1572 suo

261 1599 485 1643 tenderent
517 1598 690 1652 vexillo,
722 1599 903 1658 proprio
936 1600 1108 1645 nomine
1151 1601 1398 1646 vexillarios
1428 1609 1469 1645 et
1507 1601 1626 1658 ipsos
1657 1600 1907 1659 appellatos
1937 1615 2029 1644 esse
2059 1608 2107 1644 ut
2135 1600 2258 1645 facile
2302 1602 2513 1654 concedo,
2542 1602 2601 1645 ita

260 1687 358 1717 cum
389 1673 461 1717 alii
491 1673 670 1730 insuper
719 1682 860 1717 essent
897 1674 1135 1727 vexillarii,
1167 1685 1214 1718 ut
1244 1675 1416 1731 utrique
1447 1674 1655 1732 distingui
1687 1681 1887 1731 possent,
1917 1673 2255 1717 additamentum
2284 1673 2481 1730 aliquod,
2513 1689 2601 1730 quo

262 1746 439 1789 militiae
469 1760 607 1804 genus
640 1756 987 1805 cognosceretur,
1019 1755 1061 1791 et
1090 1748 1337 1792 addendum
1365 1748 1498 1791 fuisse
1529 1755 1570 1791 et
1590 1748 1751 1805 passim
1787 1747 1874 1791 fere
1895 1763 1920 1790 a
1950 1747 2101 1791 Tacito
2132 1747 2325 1791 additum
2355 1763 2447 1791 esse
2475 1748 2604 1792 etiam

261 1826 391 1877 atque
428 1820 554 1863 etiam
585 1820 813 1864 contendo.
873 1820 992 1865 Miro
1025 1822 1198 1878 quidem
1227 1821 1537 1880 interpretandi
1582 1821 1766 1866 artifieio
1815 1820 2054 1865 Walchius.
2076 1822 2127 1880 ¹²)
2176 1828 2309 1865 totam
2338 1821 2605 1878 quaestionis

261 1893 557 1937 confusionem
583 1907 636 1936 ex
672 1893 833 1951 duplici
864 1909 945 1938 usu
963 1894 1177 1947 ,vocabuli
1207 1895 1352 1940 vexilli
1398 1894 1691 1939 deducendam
1740 1901 1863 1951 putat
1912 1893 2111 1950 idemque
2141 1895 2253 1938 inter
2282 1894 2441 1938 vexilla
2469 1894 2604 1954 legio-

262 1981 365 2010 num
397 1973 439 2009 et
469 1966 631 2009 vexilla
661 1966 926 2011 delectorum
957 1983 980 2011 e
1010 1968 1253 2027 legionibus
1283 1969 1465 2013 multum
1499 1968 1701 2012 interesse
1731 1966 1919 2025 probare
1968 1975 2161 2011 conatur.
2227 1966 2363 2022 Quod
2393 1976 2438 2011 ut
2454 1983 2605 2012 verum

262 2054 354 2083 esse
384 2039 598 2083 evinceret
627 2039 786 2083 multos
812 2039 951 2084 Taciti
979 2041 1099 2085 locos
1128 2041 1256 2100 longe
1277 2042 1469 2086 diversos
1500 2042 1559 2085 ita
1588 2040 1797 2092 adhibuit,
1829 2048 1878 2083 ut
1907 2049 1980 2084 aut
2011 2039 2126 2084 solos
2148 2049 2374 2085 veteranos
2403 2042 2606 2084 eminenti

264 2113 454 2169 quodam
477 2127 604 2154 sensu
635 2113 773 2155 dictos
804 2128 896 2155 esse
918 2114 1162 2157 vexillarios
1192 2100 1446 2172 praeterque
1476 2115 1594 2172 ipsos
1624 2129 1711 2156 non
1749 2113 1896 2165 fuisse,
1929 2114 2003 2169 qui
2034 2113 2185 2156 eodem
2214 2114 2388 2157 nomine
2415 2114 2606 2171 appella-

262 2193 425 2237 rentur,
456 2192 530 2228 aut
558 2185 698 2228 Taciti
729 2187 898 2229 dicendi
929 2189 1280 2231 consuetudinem
1299 2189 1548 2246 ambignum
1579 2189 1795 2244 quiddam
1826 2203 1876 2231 ac
1902 2196 2148 2230 contortum
2169 2187 2361 2230 redolere
2390 2195 2605 2231 statueret.

264 2258 325 2301 At
357 2273 459 2302 vero
491 2274 587 2301 cum
619 2259 673 2301 ad
695 2259 866 2316 singula
895 2260 985 2302 eius
1016 2268 1266 2317 argumenta
1295 2261 1520 2305 refutanda
1550 2261 1635 2305 loci
1664 2262 1748 2317 ipsi
1779 2260 1892 2303 infra
1923 2260 2078 2303 rectius
2118 2260 2425 2316 interpretandi
2455 2275 2604 2304 ansam

263 2331 470 2389 praebere
500 2331 749 2382 videantur,
781 2331 864 2375 hoc
897 2333 1036 2376 virum
1049 2335 1226 2377 doctum
1257 2337 1445 2392 primum
1476 2336 1669 2378 omnium
1700 2335 1931 2378 attendisse
1962 2334 2113 2384 velim,
2145 2350 2352 2376 summam
2382 2334 2605 2390 scriptoris

262 2405 525 2462 diligentiam
543 2420 593 2447 eo
625 2404 720 2460 ipso
750 2404 957 2460 loquendi
987 2423 1143 2463 genere
1165 2409 1441 2465 conspicuam
1473 2425 1577 2452 esse.
1639 2408 1712 2451 Ab
1733 2424 1783 2451 ea
1813 2408 1926 2450 enim
1956 2408 2127 2450 dicendi
2153 2407 2247 2464 lege
2283 2433 2323 2438 —-
2362 2423 2494 2462 quam
2521 2424 2604 2465 pro

262 2478 540 2521 fundamento
581 2477 703 2533 quasi
734 2479 865 2521 totius
897 2479 1200 2536 disputationis
1245 2482 1430 2539 positam
1464 2481 1582 2525 volui
1615 2506 1668 2514 —
1700 2496 1914 2537 nusquam
1931 2480 2050 2522 illum
2088 2480 2308 2523 recessisse
2338 2480 2604 2531 obeservavi‚

263 2558 311 2593 ut
328 2550 605 2593 substantivis
636 2550 782 2593 vexilli
814 2552 901 2594 sive
933 2553 1254 2597 vexillariorum
1282 2556 1517 2612 genitivum
1547 2555 1614 2597 vel
1644 2555 1762 2597 aliud
1794 2554 2069 2604 attributum,
2118 2568 2205 2609 quo
2253 2568 2390 2610 genus
2420 2554 2603 2597 militum

263 2637 575 2681 cognosceres,
618 2630 692 2664 aut
732 2622 960 2680 diligenter
999 2626 1252 2684 adiungeret
1302 2636 1377 2671 aut
1406 2643 1460 2671 ex
1503 2629 1637 2671 totius
1668 2627 1931 2670 narrationis
1982 2626 2089 2668 serie
2134 2634 2332 2668 accurate
2381 2636 2609 2683 perspecta

264 2695 387 2739 facile
403 2695 448 2738 id
478 2695 674 2738 eluceret.
737 2693 868 2750 Quod
899 2697 935 2739 si
982 2698 1121 2755 probe
1151 2701 1362 2753 tenueris,
1412 2701 1550 2745 omnis
1592 2700 1802 2744 dubitatio
1853 2698 2020 2742 sublata
2069 2697 2286 2740 videbitur
2335 2713 2475 2755 neque
2505 2714 2611 2743 con-

265 2769 389 2811 tortis
429 2768 820 2826 interpretamentis
867 2771 1090 2827 scriptoris
1122 2773 1242 2818 locos
1288 2774 1452 2818 turbari
1493 2775 1668 2831 patiere.
1745 2772 2047 2816 Boetticherus
2089 2778 2230 2814 autem
2248 2804 2260 2822 ,
2292 2772 2442 2827 quiin
2470 2773 2610 2818 lexico

266 2842 443 2886 Taciteo
467 2842 520 2899 ¹³)
561 2840 718 2885 electos
749 2857 780 2885 s.
822 2843 1009 2887 delectos
1048 2860 1146 2889 cum
1187 2847 1420 2892 vexillariis
1460 2863 1547 2891 non
1578 2846 1905 2891 confundendos
1951 2860 2044 2887 esse
2091 2845 2251 2897 mouit,
2289 2845 2435 2889 multis
2474 2846 2615 2897 Taciti

265 2916 387 2968 locis,
419 2915 578 2972 quibus
606 2916 686 2970 qui
704 2931 791 2960 uno
821 2917 916 2961 loco
947 2919 1069 2962 electi
1085 2935 1139 2962 ex
1169 2920 1249 2964 hac
1268 2920 1343 2964 illa
1370 2921 1538 2980 legione
1559 2921 1762 2964 dicuntur
1791 2919 1875 2961 alio
1895 2918 2051 2961 vexilla
2080 2912 2271 2961 eiusdem
2291 2920 2381 2962 sive
2401 2921 2613 2968 vexillarii

268 2991 540 3048 appellentur
568 2989 785 3034 luculente
819 2992 1039 3035 refellitur.
1108 2993 1160 3037 cf.
1190 2993 1248 3037 H.
1279 2994 1304 3037 1
1350 2996 1402 3038 61
1434 2993 1529 3037 coll.
1561 2993 1632 3036 111
1662 2994 1729 3038 89.
1781 2992 1897 3034 Ann.
1930 2990 2022 3034 XV
2053 2993 2122 3034 26.
2163 2992 2320 3036 vexilla
2350 2993 2614 3039 delectorum

323 3067 369 3111 ¹⁰)
402 3071 447 3106 H.
475 3070 530 3102 IV
562 3071 620 3109 14.
654 3073 711 3106 15.
741 3072 780 3105 11
807 3071 866 3105 57.

325 3127 371 3169 ¹¹)
405 3131 533 3172 Lange.
563 3132 715 3164 Historia
743 3131 966 3163 mutationum
995 3132 1041 3163 rei
1070 3132 1225 3165 militaris
1253 3133 1496 3165 Romanorum.
1553 3130 1705 3171 Gotting.
1741 3128 1849 3163 1846.
1878 3141 1911 3172 p.
1943 3131 2002 3164 75.
2035 3130 2097 3164 78.

327 3184 373 3227 ¹²)
409 3189 453 3220 ad
483 3190 600 3231 agric.
629 3200 661 3224 c.
694 3190 750 3224 18.

327 3243 373 3285 ¹⁸)
403 3256 433 3281 s.
459 3258 490 3281 v.
520 3250 688 3282 vexillarii
730 3255 764 3282 et
792 3250 918 3283 vexilli.

2348 3316 2397 3349 1*
