2982 3685
1353 196 1610 260 -.8⁴-

305 323 453 381 aquila
479 325 575 382 ipsa
602 324 748 369 alteris
777 326 960 385 legionis
989 327 1139 371 electis
1182 328 1461 386 praeferatur.
1506 329 1618 373 Eam
1645 345 1760 374 vero¹
1780 331 2006 388 legionem,
2038 343 2149 387 qnae
2177 332 2235 376 H.
2268 332 2307 375 V
2353 336 2402 376 1.-·
2417 334 2552 377 inter·-
2567 333 2662 376 Titi*

309 397 459 454 copias
512 396 828 456 Hierosolyma
874 408 1176 458 oppugnantes
1222 409 1584 444 commemoratur
1600 435 1611 453 ,
1662 417 1751 446 non
1796 404 1929 447 fuisse
1968 411 2158 449 nostram
2189 406 2651 464 Primigeniam‚”'sed

311 469 554 515 XXIImm
571 470 900 517 Deiotarianam
926 473 973 515 in
1003 472 1221 530 Aegypto
1240 474 1485 516 tendentem
1528 474 1613 517 iam
1643 490 1669 518 a
1698 475 1819 518 viris-
1846 476 2000 519 harum
2030 490 2176 520 rerum
2214 479 2483 536 peritissimis
2512 479 2654 521 fusius

305 545 574 603 explicatum
602 553 680 590 est.
699 546 755 601 2⁵)
2561 561 2563 563 ·

430 617 520 673 Qui
552 625 774 677 praeterea
805 618 1085 661 nominantur
1114 618 1327 662 vexillarii
1370 621 1501 663 trium
1541 621 1890 664 Britannicarum
1917 621 2160 680 legionum,
2193 633 2294 665 sunt
2332 624 2455 667 electi
2487 639 2542 667 ex
2577 624 2645 666 his

318 691 438 750 ipsis,
470 691 545 749 qui
577 690 658 734 sub
689 691 779 734 suis
809 690 1043 735 tendebant
1072 692 1253 744 vexillis,
1285 694 1405 749 quod
1434 694 1572 736 robur
1600 694 1772 737 illarum
1801 696 1847 736 in
1876 696 2028 738 castris
2068 697 2233 738 stativis
2255 693 2454 740 relictum
2471 707 2577 740 erat.
2595 698 2655 756 2⁶)

427 765 522 807 Iam
552 765 748 808 venimus
778 764 835 807 ad
863 780 963 808 eum
991 765 1150 816 locum,
1182 766 1257 821 qui
1286 767 1476 810 medium
1504 767 1593 810 fere
1622 768 1818 811 ordinem
1837 768 1949 811 inter
1977 769 2224 812 vexillarios
2240 770 2428 812 delectos
2458 785 2482 813 e
2512 770 2650 828 legio-

309 836 439 880 nibus
471 837 539 879 vel
569 837 822 883 cohortibus
852 849 894 880 et
926 845 1152 881 veteranos
1192 839 1332 882 omnis
1362 839 1537 882 militiae
1573 841 1744 896 generis
1773 840 1968 884 obtinere
2005 843 2199 884 videtur:
2242 842 2300 885 H.
2330 843 2379 885 11
2409 844 2478 887 83.
2541 843 2649 886 Sed

305 912 459 969 legio
489 920 649 955 sexta
678 920 729 955 et
768 912 1039 955 tredecim
1070 911 1224 953 milia
1269 910 1693 956 vexillariorum
1743 913 1958 970 ingenti
1989 916 2208 971 agmine
2262 915 2656 971 sequebantur·

309 984 434 1039 Quos
464 994 506 1029 et
535 987 689 1030 eodem
717 1001 825 1038 esse,
858 987 934 1042 qui
962 984 1074 1028 infra
1103 985 1161 1026 H.
1192 984 1265 1027 111
1294 986 1350 1027 46
1375 992 1440 1034 „et
1478 984 1614 1027 lectus
1643 986 1688 1026 in
1717 988 1902 1029 eandem
1915 1001 2034 1043 spem
2065 1003 2088 1029 e
2118 987 2361 1045 legionibus
2392 988 2538 1030 miles-⁶
2574 1004 2653 1045 ap-

306 1058 538 1115 pellantur,
569 1059 656 1102 iam
686 1060 789 1101 satis
820 1065 1002 1109 constat,
1033 1071 1173 1113 neque
1203 1057 1345 1097 minus
1384 1063 1497 1097 recte
1526 1057 1607 1098 viri
1635 1059 1754 1099 docti
1784 1058 1974 1100 Walchii
2005 1061 2253 1115 opinionem
2283 1069 2507 1102 veteranos
2554 1062 2651 1102 illos

309 1131 444 1175 fuisse
473 1132 596 1173 iustis
627 1132 768 1174 causis
799 1131 1107 1173 refutaverunt.
1168 1129 1299 1170 Unde
1328 1129 1441 1170 enim
1478 1137 1543 1170 tot
1572 1130 1689 1171 milia
1729 1140 2053 1181 veteranorum,
2086 1133 2160 1187 qui
2190 1132 2272 1174 sub
2313 1133 2480 1175 vexillis
2520 1148 2658 1187 usque

312 1206 369 1247 ad
397 1205 520 1246 illum
552 1206 665 1247 diem
696 1205 985 1247 tetenderint?
1003 1206 1059 1258 2⁷)
1118 1203 1336 1257 Equidem
1366 1212 1413 1243 ut
1442 1203 1671 1245 maximam
1702 1204 1877 1259 quidem
1906 1213 2072 1261 partem
2102 1220 2157 1246 ex
2182 1204 2427 1261 legionibus
2466 1205 2657 1261 Syriacis

311 1287 353 1318 et
382 1277 572 1319 Iudaicis
604 1278 755 1318 eadem
786 1277 966 1326 ratione,
998 1291 1085 1329 qua
1114 1276 1242 1317 etiam
1272 1275 1495 1319 Vitellium
1533 1291 1587 1318 ex
1617 1275 1890 1318 Germanicis
1921 1277 2167 1319 vexillarios
2197 1292 2343 1319 secum
2385 1278 2562 1320 duxisse
2591 1278 2653 1321 le-

313 1350 471 1408 gimus,
501 1350 659 1392 electos
699 1348 797 1390 illos
825 1348 956 1390 fuisse
986 1347 1168 1390 libenter
1197 1348 1404 1399 concedo,
1435 1350 1495 1392 ita
1525 1365 1612 1392 non
1642 1350 1901 1401 solos‘illos,
1935 1350 2010 1392 sed
2041 1364 2139 1392 cum
2156 1350 2368 1393 veteranis
2404 1359 2659 1394 exauctora-

313 1425 368 1467 tis
399 1424 654 1467 coniunctos
684 1422 913 1467 contendo.
945 1421 999 1464 Id
1029 1429 1077 1463 ut
1106 1422 1381 1465 statuendum
1410 1438 1504 1466 esse
1535 1431 1745 1479 putarem,
1777 1422 1946 1465 duabus
1962 1423 2234 1479 potissimum
2263 1423 2403 1465 causis
2445 1424 2658 1467 adductus

310 1513 420 1540 sum.
479 1497 632 1539 Altera
662 1495 837 1551 quidem
868 1494 989 1549 quod
1018 1510 1053 1537 c.
1085 1494 1141 1536 82
1172 1494 1355 1550 primam
1384 1494 1487 1538 belli
1518 1510 1667 1539 curam
1716 1496 1848 1538 fuisse
1878 1495 2147 1552 Vespasiano
2189 1497 2248 1538 ait
2278 1498 2493 1553 scriptor,
2530 1511 2658 1554 agere

314 1571 510 1622 dilectus,
542 1584 749 1613 revocare
779 1576 1005 1612 veteranos
1018 1569 1072 1624 ²⁸)
1123 1576 1164 1609 et
1193 1567 1238 1608 in
1287 1567 1439 1610 eodem
1469 1568 1607 1625 capite
1646 1575 1859 1611 extremo:
1915 1568 2111 1611 sufficere
2151 1568 2408 1610 videbantur
2449 1570 2657 1611 adversus

311 1644 536 1687 Vitellium
582 1658 686 1700 pars
719 1643 943 1699 copiarum
973 1649 1015 1683 et
1044 1641 1134 1682 dux
1163 1639 1397 1683 Mucianus
1427 1650 1468 1683 et
1497 1641 1752 1698 Vespasiani
1783 1657 1951 1684 nomen.
1990 1641 2144 1684 Altera
2172 1656 2274 1684 vero
2305 1657 2437 1685 causa
2474 1643 2659 1685 deducta

314 1726 379 1760 est
407 1733 462 1759 ex
491 1717 567 1759 illo
598 1716 738 1758 Taciti
768 1714 977 1770 loquendi
1007 1729 1104 1764 usu,
1136 1728 1224 1768 quo
1257 1715 1293 1754 si
1324 1713 1572 1755 vexillarios
1610 1714 1708 1756 illos
1738 1714 1855 1756 solos
1895 1714 2025 1756 fuisse
2055 1714 2214 1758 electos
2245 1732 2269 1758 e
2314 1715 2559 1772 legionibus
2591 1715 2656 1757 di-

313 1806 408 1835 cere
437 1790 660 1841 voluisset,
692 1789 868 1833 nomina
897 1803 1074 1838 earum,
1107 1801 1160 1828 ex
1209 1786 1368 1842 quibus
1400 1787 1521 1829 electi
1570 1795 1711 1829 essent
1740 1786 1919 1829 adderet
1968 1802 2138 1830 necesse
2188 1796 2289 1830 erat.
2313 1790 2367 1844 2⁹)
2454 1789 2519 1831 Ea
2547 1801 2651 1839 vero

311 1865 483 1908 dicendi
527 1864 622 1922 lege
668 1864 727 1906 ita
755 1878 800 1906 se
830 1863 992 1920 passim
1022 1861 1278 1904 obstrictum
1327 1875 1418 1903 esse
1459 1861 1608 1911 voluit,
1639 1871 1687 1902 ut
1716 1860 1797 1902 nisi
1847 1868 1987 1902 certae
2033 1861 2220 1903 rationes
2264 1862 2546 1904 omissionem
2581 1870 2655 1903 aut

310 1939 555 1995 flagitarent
584 1944 659 1979 aut
687 1937 996 1993 permitterent,
1027 1949 1242 1989 nusquam
1272 1949 1365 1976 eam
1395 1934 1643 1976 derelictam
1671 1948 1764 1975 esse
1792 1933 1996 1975 invenias.
2030 1933 2165 1986 Quod
2196 1935 2240 1976 in
2272 1945 2470 1977 nostrum
2511 1935 2655 1977 locum

309 2018 483 2068 praeter
512 2018 679 2053 ceteros
709 2009 862 2052 cadere
879 2041 890 2059 ‚
941 2007 1046 2049 mihi
1085 2007 1274 2066 ‘quidem
1319 2020 1573 2062 persuasum
1614 2014 1689 2048 est.
1770 2006 1988 2047 Nimirum
2024 2007 2067 2048 in
2115 2008 2320 2050 tredecim
2366 2008 2452 2049 illis
2480 2007 2654 2049 milibus

309 2082 637 2126 vexillariorum
666 2089 707 2124 et
736 2080 860 2123 electi
890 2094 913 2122 e
942 2078 1186 2137 legionibus
1217 2088 1259 2120 et
1288 2080 1478 2121 veterani
1508 2079 1564 2120 ad
1594 2079 1677 2120 hoc
1708 2078 1869 2120 bellum
1898 2081 2063 2121 evocati
2096 2081 2184 2121 sive
2235 2081 2423 2122 revocati
2477 2081 2657 2128 inerant,

310 2163 358 2199 ut
388 2156 632 2200 coniunctis
662 2155 714 2196 iis
744 2153 912 2196 vexillis
942 2154 989 2194 in
1033 2153 1285 2194 universum
1316 2167 1472 2194 nomen
1503 2152 1737 2194 vexillariis
1768 2152 1956 2193 tribuere
1998 2162 2145 2208 posset
2174 2164 2304 2208 atque
2335 2154 2534 2203 deberet,
2574 2153 2654 2193 nisi

316 2229 510 2286 singulas
539 2228 730 2284 legiones
781 2240 930 2268 omnes
961 2240 1212 2267 enumerare
1261 2234 1303 2265 et
1351 2241 1406 2266 ex
1435 2226 1501 2266 his
1532 2226 1689 2268 electos
1720 2241 1807 2267 una
1852 2241 1950 2267 cum
1981 2234 2181 2267 veterano
2227 2226 2358 2268 milite
2408 2225 2489 2267 sub
2527 2226 2652 2267 certis

317 2302 487 2344 vexillis
516 2301 735 2357 profectos
765 2314 857 2341 esse
886 2300 1077 2341 iudicare
1107 2298 1245 2340 vellet.
1306 2297 1373 2340 Ita
1403 2307 1444 2340 et
1483 2298 1634 2355 ingens
1664 2315 1817 2342 eorum
1846 2314 2051 2342 numerus
2101 2298 2224 2343 facile
2254 2298 2495 2355 explicatur
2524 2307 2565 2340 et
2597 2313 2651 2340 ex

317 2375 460 2419 Taciti
489 2373 696 2430 loquendi
725 2374 821 2430 lege
850 2381 1096 2416 constanter
1127 2372 1355 2415 observata
1384 2371 1492 2413 nihil
1519 2378 1597 2423 est,
1628 2372 1748 2427 quod
1779 2372 1978 2415 offendat.

433 2447 584 2490 Habes
613 2447 734 2489 locos
765 2446 990 2502 scriptoris
1020 2446 1172 2497 nostri,
1212 2446 1288 2501 qui
1316 2444 1384 2486 vel
1413 2460 1459 2487 re
1488 2460 1591 2486 vera
1620 2445 1870 2488 difficultate
1901 2444 2046 2499 aliqua
2076 2444 2289 2495 laborant,
2322 2444 2389 2486 vel
2419 2444 2552 2486 variis
2585 2444 2653 2486 in-

315 2529 553 2579 terpretum
583 2520 774 2564 artificiis
804 2519 964 2562 turbati
993 2535 1081 2562 non
1111 2528 1224 2562 recte
1254 2518 1613 2575 intelligebantur.
1655 2518 1818 2570 Restat,
1850 2525 1899 2563 ut
1927 2533 2013 2561 uno
2046 2517 2170 2573 quasi
2198 2523 2434 2573 conspectu
2464 2516 2652 2573 reliquos

317 2611 466 2640 omnes
495 2594 934 2652 comprehendamus,
966 2593 1125 2649 quibus
1155 2592 1306 2635 delecti
1350 2608 1403 2636 ex
1433 2594 1589 2649 quovis
1636 2592 1819 2636 militum
1858 2606 2016 2650 genere
2046 2590 2101 2634 ab
2122 2590 2197 2633 illo
2240 2590 2481 2632 laudantur.
2543 2589 2654 2633 Sunt

318 2677 463 2713 autem
492 2669 535 2711 hi
547 2685 558 2710 z

365 2786 415 2827 ¹⁵)
452 2788 494 2820 In
521 2788 715 2819 universum
741 2784 783 2817 ef.
838 2783 990 2816 Wiener.
1019 2785 1059 2815 de
1099 2784 1231 2824 legione
1271 2785 1429 2817 vicesima
1454 2787 1600 2818 secunda
1634 2797 1669 2828 p.
1699 2786 1747 2818 23
1776 2797 1825 2828 sq.
1894 2785 2087 2826 (btolefenb.
2129 2783 2303 2827 Beitfcbtift
2343 2783 2396 2823 ffit
2434 2786 2648 2828 Qillettbumfi·

476 2844 693 2889 mtffenftbuft,
752 2840 861 2876 1840.
915 2852 946 2884 p.
979 2841 1067 2876 659.
1094 2841 1203 2877 mein.
1257 2841 1359 2878 Uebet
1385 2844 1433 2878 bie
1460 2842 1632 2889 aegionen,
1660 2844 1776 2886 melche
1802 2846 1835 2880 in
1861 2843 2138 2889 obetgecmanten
2174 2843 2364 2887 stanben‘p.
2398 2845 2453 2877 12.
2481 2844 2520 2880 fr.

372 2904 423 2950 26)
466 2908 521 2942 Cf.
549 2908 593 2940 Η.
622 2908 661 2940 ΙΙ
690 2905 749 2939 57.
805 2906 887 2947 Ipse
913 2914 932 2938 e
961 2905 1157 2937 Britannico
1196 2904 1328 2938 delectu
1354 2910 1430 2938 octo
1456 2904 1551 2938 milia
1570 2905 1633 2938 sibi
1660 2906 1825 2940 adiunxit.
1878 2905 1923 2939 H.
1951 2906 2008 2939 111
2036 2906 2096 2939 22.
2125 2905 2251 2937 vexilla
2277 2914 2387 2937 nonas
2416 2906 2651 2947 secundaeque

471 2973 505 3001 et
531 2966 712 3000 vicesimae
739 2965 925 3008 legionum.
953 2975 986 2999 v.
1014 2974 1129 3008 supra.

371 3028 424 3072 ²⁷)
465 3029 519 3063 Οἱ.
548 3028 642 3062 Suet.
670 3027 779 3069 Vesp.
813 3027 869 3061 15.
923 3027 1054 3059 Hertel.
1083 3026 1106 3058 l.
1136 3027 1159 3057 l.
1188 3036 1221 3068 p.
1252 3023 1313 3059 94.

375 3088 410 3111 2⁸
460 3089 506 3121 V.
536 3098 575 3120 sn
605 3098 655 3121 ra.

365 3089 426 3190 29))
454 3148 510 3183 Cf.
538 3099 668 3189 Lapnge.
696 3147 786 3179 Hist.
808 3152 891 3179 mut.
920 3156 953 3189 p.
985 3144 1031 3179 78
1073 3153 1142 3178 not.
1180 3144 1233 3186 18,
1256 3145 1313 3177 ubi
1342 3145 1395 3178 vel
1429 3143 1562 3178 calculo
1603 3144 1851 3186 probabilitatis
1878 3144 1920 3176 ad
1947 3144 2161 3176 mortalitatis
2201 3144 2364 3176 rationem
2400 3141 2654 3175 accommodato

462 3212 595 3240 tantum
631 3211 868 3239 veteranorum
895 3215 1071 3239 nnmerum
1100 3214 1174 3237 esse
1202 3214 1269 3237 non
1298 3205 1451 3247 potuisse
1478 3203 1566 3236 effici
1592 3204 1699 3237 docet.
