2982 3685
1292 253 1548 298 ..α-

256 402 258 404 -
372 370 490 417 Aah.
508 369 587 414 lv
618 368 887 413 ⁷&Yexilla
912 368 1132 428 legionum
1149 382 1187 411 ἐ
1214 368 1439 427 superiore
1459 368 1688 428 provincia
1713 369 1995 428 peditumque
2024 378 2068 412 et
2084 369 2278 427 equitum
2305 369 2582 413 auxiliarium

255 443 446 488 delectos
474 443 665 487 accivit-1
699 442 916 486 XIV184.
944 440 1065 486 C'uffl
1089 440 1335 490 vexillariis
1349 442 1631 492 vicesimanis.
1670 440 1788 485 XIV
1816 442 1884 485 38.
1918 441 2143 499 Auxitque
2170 440 2333 486 Caesar
2359 442 2503 487 missis
2535 458 2591 486 ex

258 516 500 561 Germanis
525 516 698 559 duobus
727 516 1064 574 legionariorum
1079 513 1294 559 ‘mimium
1321 514 1413 558 XV
1443 513 1510 557 10.
1541 513 1753 572 Expediri
1781 515 1953 573 singula
1981 516 2098 558 milia
2125 529 2150 558 e
2179 516 2320 560 tribus
2337 517 2581 575 legionibus

257 591 396 634 iussit.
456 589 548 633 XV
580 592 647 633 26.
679 589 850 633 Vexilla
878 586 1145 633 delectorum
1173 602 1229 632 ex
1257 588 1435 645 Illyrico
1465 596 1509 633 et
1539 589 1757 645 Aegypto.

373 662 433 705 H.
464 662 487 705 l
518 664 587 706 31.
633 662 798 720 Illyrici
827 663 1043 706 exercitus
1071 662 1205 706 electi.
1236 685 1293 695 --
1322 660 1584 704 Germanica
1611 660 1780 704 vexilla.
1840 660 1863 702 1
1903 662 1969 705 53.
2000 660 2182 705 Vexile
2213 662 2430 706 inferioris
2477 660 2589 704 Ger·

259 736 440 780 maniae
455 745 714 794 praeventus
743 745 835 780 erat
856 736 1108 793 (exercitus
1136 736 1363 793 superior).
1422 734 1447 777 1
1496 735 1562 777 70.
1622 733 1736 779 Cum
1779 734 1947 778 vexillis
1995 733 2371 779 Germanicorum.
2429 735 2479 779 11
2512 737 2579 782 14.

259 809 382 854 Lecti
411 824 435 853 e
465 808 729 853 cohortibus.
774 808 822 852 11
855 810 919 852 18.
951 807 1177 866 Correptio
1202 808 1342 867 signis
1370 808 1624 864 vexillisque
1651 807 1999 867 legionariorum.
2029 808 2080 852 11
2100 809 2168 853 24.
2204 808 2374 853 Tertiae
2393 809 2585 853 decimas

258 882 441 941 legionis
470 882 685 926 vexillum.
730 881 875 925 1183
907 898 945 925 v.
976 896 1120 939 supra.
1179 880 1229 925 11
1257 883 1325 925 89.
1356 898 1396 925 v.
1427 898 1459 925 s.
1517 880 1567 924 11
1598 882 1693 925 100.
1724 897 1761 928 v.
1793 896 1826 925 s.
1855 881 1927 924 111
1959 884 1997 925 6.
2039 880 2301 926 vexillarios
2329 897 2354 926 e
2383 882 2573 927 cohorti·

262 956 344 999 bus
373 956 646 1014 (sociorum).
675 954 749 999 111
777 956 846 999 48.
873 953 1136 998 Vexillarios
1165 970 1189 998 e
1217 954 1472 1013 legionibus.
1531 954 1605 999 111
1635 956 1702 999 50.
1732 954 1772 998 Ε
1800 954 2044 1014 legionibus
2073 955 2181 999 lecti.
2212 954 2278 999 IV
2327 958 2395 1001 24.
2425 955 2587 1000 Lectos

263 1044 286 1071 e
315 1028 573 1087 legionibus.
633 1028 699 1072 IV
729 1030 797 1072 35.
819 1028 943 1071 Mille
972 1028 1160 1072 delectos
1187 1043 1214 1071 e
1243 1027 1498 1086 legionibus.

378 1102 486 1159 Agr.
521 1104 585 1145 18.
617 1102 861 1158 Legionum
891 1101 1071 1143 vexillis.
1101 1117 1140 1143 v.
1171 1116 1315 1157 supra.
1585 1144 1588 1147 Δ

379 1175 463 1219 His
492 1190 603 1231 quae
631 1175 756 1218 attuli
782 1175 990 1231 exemplis
1018 1175 1064 1217 id
1093 1175 1267 1229 quidem
1295 1174 1528 1217 certissime
1556 1173 1735 1230 probari
1763 1175 1947 1224 videtur,
1976 1174 2115 1230 legem
2139 1173 2259 1217 illam
2287 1174 2460 1217 dicendi
2500 1175 2586 1217 iam

260 1248 432 1305 saepius
461 1247 835 1292 commemoratam
866 1264 892 1291 a
920 1246 1072 1291 Tacito
1101 1247 1424 1305 diligentissime
1439 1254 1652 1292 servatam
1679 1262 1797 1299 esse;
1827 1248 1946 1304 quod
1962 1256 2104 1291 autem
2131 1246 2305 1291 laudavi
2321 1247 2587 1292 delectorum

260 1336 479 1372 numeros,
512 1320 671 1377 quibus
700 1320 1022 1364 vexillariorum
1050 1336 1208 1364 nomen
1245 1337 1333 1364 non
1362 1321 1558 1366 distincte
1605 1321 1799 1366 additum
1828 1330 1906 1373 est,
1935 1322 1982 1365 id
2011 1338 2105 1365 eam
2155 1322 2211 1365 ob
2241 1338 2415 1365 causam
2444 1321 2585 1365 facere

261 1392 393 1445 volui,
425 1402 474 1437 ut
501 1403 543 1438 et
572 1393 677 1452 ipsis
706 1394 869 1452 pariter
897 1409 949 1437 ac
977 1393 1129 1438 ceteris
1159 1393 1315 1438 vexilla
1343 1392 1476 1439 fuisse
1504 1409 1594 1438 non
1622 1394 1770 1438 iamin
1799 1394 1980 1440 dubium
2010 1394 2156 1439 vocari
2185 1404 2342 1453 posset.

378 1465 596 1525 Deinceps
625 1476 672 1510 ut
701 1467 755 1510 ad
787 1465 967 1510 alterum
997 1466 1254 1524 pracipuum
1283 1467 1606 1512 vexillariorum
1620 1482 1771 1526 genus,
1801 1468 1924 1512 cuius
1939 1483 2074 1526 supra
2103 1469 2361 1511 mentionem
2388 1468 2582 1518 fecimus,

220 1584 223 1587 ,
262 1551 555 1593 transeamus,
604 1542 666 1584 de
715 1541 1006 1584 veteranis
1055 1542 1462 1593 exauctoratis,
1508 1556 1655 1598 quos
1685 1542 1847 1585 solos
1891 1541 1993 1585 hoc
2037 1542 2248 1585 nomine
2277 1540 2588 1598 insignitos

261 1612 567 1655 voluerunt
597 1612 863 1656 nonnulli
894 1613 1238 1669 interpretes
1266 1613 1430 1656 nobis
1459 1614 1749 1657 dicendum
1778 1623 1872 1657 est.
1904 1614 1961 1656 Et
1989 1615 2108 1671 ipsos
2128 1614 2306 1671 perinde
2335 1613 2589 1656 acdelectos

261 1700 286 1728 e
314 1685 561 1744 legionibus
591 1685 672 1728 sub
718 1686 908 1743 propriis
957 1686 1124 1728 vexillis
1169 1686 1344 1742 suisque
1372 1686 1597 1743 praefectis
1635 1696 1876 1730 ceterorum
1918 1688 2128 1731 immunes
2176 1687 2258 1729 nisi
2286 1685 2588 1743 &propulsandi

263 1758 400 1802 hostis
430 1758 601 1802 habitos
632 1773 737 1810 esse,
767 1758 967 1815 pluribus
996 1758 1136 1801 Taciti
1164 1759 1271 1803 locis
1299 1759 1512 1803 luculente
1541 1759 1763 1816 probatur.
1826 1760 1965 1804 Simul
1993 1761 2143 1804 eadem
2182 1760 2254 1803 ille
2282 1759 2454 1803 dicendi
2483 1774 2589 1803 con-

264 1832 503 1883 suetudine,
533 1846 620 1887 qua
648 1831 692 1873 in
723 1830 943 1888 prioribus
973 1845 1072 1874 eum
1101 1846 1227 1875 usum
1257 1846 1349 1876 esse
1364 1833 1684 1890 cognovimus,
1714 1833 1759 1877 in
1789 1841 2090 1877 veteranorum
2118 1834 2308 1877 numeris
2355 1832 2586 1875 afferendis

265 1907 426 1963 passim
457 1907 591 1949 teneri
621 1906 769 1949 voluit.
848 1904 991 1959 Quam
1022 1906 1058 1949 si
1101 1907 1287 1951 editores
1335 1922 1503 1964 semper
1541 1907 1676 1951 secuti
1696 1915 1843 1961 ,essent
1883 1922 2021 1963 neque
2071 1907 2205 1950 multa
2243 1921 2443 1950 errorum
2470 1905 2585 1948 nube

267 1979 430 2023 offussa
459 1995 547 2022 rem
579 1986 770 2037 apertam
808 1978 934 2037 plane
973 1979 1199 2023 obscuram
1246 1980 1555 2032 reddidissent,
1594 1994 1682 2022 non
1722 1980 1807 2022 iam
1835 1979 1967 2038 longa
2003 1980 2294 2038 disputatione
2323 1994 2434 2036 opus
2463 1987 2588 2021 esset.

264 2052 394 2095 Nunc
424 2067 527 2094 vero
560 2061 606 2094 ut
635 2052 680 2094 in
709 2052 1056 2095 antecedentibus
1085 2053 1206 2096 locos
1235 2054 1290 2096 de
1318 2054 1460 2096 electis
1498 2068 1522 2096 e
1551 2053 1794 2112 legionibus
1824 2053 1892 2096 vel
1932 2053 2184 2097 cohortibus
2214 2052 2381 2095 vexillis
2411 2051 2589 2109 vexilla-

263 2126 392 2168 riisve
443 2140 678 2183 congerere
707 2135 950 2183 congestos,
980 2136 1028 2168 ut
1057 2127 1197 2168 omnis
1226 2127 1271 2168 in
1299 2135 1522 2184 posterum
1550 2141 1674 2169 error
1722 2126 1959 2177 tolleretur,
1991 2126 2118 2168 certis
2149 2125 2386 2168 rationibus
2413 2124 2585 2167 firmare

262 2198 509 2248 studebam,
541 2198 601 2240 ita
631 2199 675 2239 in
706 2199 1006 2241 veteranorum
1056 2199 1222 2241 vexillis
1270 2200 1525 2258 indagandis
1555 2200 1731 2255 suisque
1777 2201 1968 2242 numeris
2015 2199 2310 2243 adscribendis
2341 2200 2490 2241 eadem
2521 2199 2588 2240 via

259 2271 455 2314 insistere
484 2270 635 2327 placet.
714 2270 920 2327 Inprimis
950 2279 1090 2314 autem
1119 2272 1205 2315 huc
1233 2272 1407 2323 faciunt,
1438 2288 1549 2328 quae
1577 2273 1621 2315 in
1642 2272 1876 2316 Annalium
1905 2273 2018 2316 libro
2049 2275 2189 2330 primo
2220 2274 2272 2316 de
2302 2273 2583 2316 seditionibus

257 2344 478 2402 legionum
504 2351 547 2387 et
565 2343 913 2387 Pannonicarum
943 2353 984 2387 et
999 2342 1355 2388 Germanicarum
1385 2347 1615 2391 memoriae
1642 2348 1817 2404 prodita
1846 2356 1957 2391 sunt.
1988 2338 2184 2404 Uterque
2212 2347 2325 2390 enim
2339 2346 2578 2390 excercitus

258 2416 364 2461 haec
388 2418 476 2461 duo
504 2418 777 2476 potissimum
807 2417 1016 2473 queritur,
1047 2418 1166 2474 quod
1196 2425 1237 2461 et
1251 2418 1462 2476 stipendia
1490 2419 1616 2463 nimis
1630 2421 1776 2464 tenuia
1805 2429 1994 2465 mereant
2022 2420 2246 2479 legionarii
2265 2427 2306 2462 et
2335 2419 2573 2476 stipendio-

258 2506 358 2535 rum
387 2506 591 2535 numerus
632 2492 818 2549 spatium
856 2493 1033 2536 excedat
1074 2491 1333 2550 legitimum,
1382 2509 1480 2537 cum
1510 2500 1611 2551 post
1638 2493 1790 2551 viginti
1819 2494 1993 2537 militiae
2042 2509 2177 2537 annos
2207 2493 2472 2537 exauctorati
2501 2507 2589 2536 non

260 2565 402 2608 statim
431 2565 633 2623 praemiis
663 2566 885 2624 promissis
914 2573 1135 2620 ementur,
1165 2566 1241 2611 sed
1270 2566 1352 2610 sub
1373 2566 1468 2611 -alio
1496 2566 1711 2611 vocabulo
1739 2567 1818 2625 (sc.
1834 2566 2175 2624 vexillariorum)
2204 2566 2377 2610 eosdem
2407 2565 2580 2610 labores

258 2638 452 2697 perferre
481 2648 704 2699 cogantur.
724 2643 774 2693 ³⁰)
800 2673 803 2676 «
874 2660 876 2664 ·

377 2713 526 2771 Itaque
556 2714 671 2757 Ann.
718 2714 741 2756 Ι
773 2716 825 2756 17
887 2714 1172 2766 Percennius,
1211 2722 1259 2757 ut
1288 2713 1471 2756 militum
1499 2713 1666 2757 animos
1696 2713 1948 2764 concitaret,
1980 2713 2084 2756 haec
2113 2713 2220 2756 fere:
2246 2714 2376 2766 „satis
2405 2729 2484 2771 per
2513 2723 2577 2756 tot

257 2801 396 2830 annos
425 2788 596 2845 ignavia
626 2795 862 2845 peccatum,
893 2788 1013 2843 quod
1041 2788 1204 2831 tricena
1231 2795 1306 2831 aut
1334 2788 1612 2850 quadragena
1639 2787 1849 2844 stipendia
1886 2801 2010 2829 senes
2039 2795 2114 2829 aut
2142 2787 2339 2844 plerique
2379 2795 2581 2830 truncato

257 2874 443 2918 corpore
470 2862 665 2906 tolerent.
725 2861 792 2905 Ne
821 2862 1007 2905 dimissis
1036 2862 1210 2918 quidem
1238 2862 1368 2905 finem
1395 2875 1487 2904 esse
1517 2860 1703 2911 militiae,
1734 2860 1809 2902 sed
1849 2859 1966 2916 apud
1994 2859 2200 2903 vexillum
2236 2861 2460 2903 tendentes
2491 2860 2576 2903 alio

257 2934 472 2978 vocabulo
500 2935 675 2978 eosdem
715 2934 888 2978 labores
931 2934 1162 2992 perferre.“
1222 2935 1281 2977 Et
1309 2934 1456 2991 paullo
1484 2933 1616 2979 infra:
1648 2948 1728 2984 „ne
1758 2933 1870 2976 ultra
1899 2932 1981 2976 sub
2012 2933 2182 2977 vexillis
2211 2941 2473 2987 tenerentur,
2506 2935 2583 2978 sed

257 3007 418 3049 eisdem
446 3008 492 3049 in
521 3008 672 3051 eastris
699 3007 938 3065 praemium
965 3008 1148 3065 pecunia
1176 3007 1466 3051 solvereturi“
1497 3008 1658 3051 Iisdem
1686 3008 1817 3051 ferme
1855 3009 2009 3053 diebus
2038 3010 2193 3053 iisdem
2223 3010 2366 3054 causis
2396 3007 2580 3052 Germa-

258 3081 377 3123 nicas
405 3080 596 3139 legiones
624 3081 818 3124 turbatas
845 3081 1040 3139 legimus.
1098 3080 1169 3124 Ex
1197 3081 1265 3125 his
1293 3082 1476 3125 militum
1505 3077 1690 3139 querelis
1719 3083 1803 3127 hoc
1832 3093 1947 3128 certe
1975 3084 2125 3141 liquet,
2179 3091 2405 3128 veteranos
2447 3098 2583 3127 exau·

311 3248 360 3290 ⁸⁰)
399 3250 547 3284 Omnino
574 3252 620 3285 cl.
645 3254 740 3285 Anu.
767 3253 785 3284 1
817 3248 975 3291 16-46,
1002 3252 1059 3284 ubi
1086 3253 1205 3284 vividis
1233 3259 1269 3284 ut
1293 3253 1383 3285 solet
1409 3254 1581 3286 coloribus
1608 3254 1780 3295 legionum
1806 3254 1990 3287 seditiones
2016 3255 2188 3286 describit.
