2982 3685
1311 234 1597 276 „15-

285 346 444 392 mifltia
458 361 606 397 sermo
631 348 709 399 sioss
721 346 1135 406 s'qnamfflhlue
1129 347 1372 404 minin-ri,
1399 347 1478 390 aad
1502 354 1581 391 aut
1607 346 1791 398 venian,
1815 356 1894 396 ant
1921 347 2091 403 quirin
2119 347 2360 405 vexffle
2389 351 2475 394 ant
2494 349 2622 407 signs

288 421 554 480 aquilasque.
614 419 831 465 Gobortes
853 420 1100 478 praeci-ias
1146 419 1202 464 si
1198 425 1336 464 'extra
1375 419 1544 464 iubem-
1558 420 1640 463 ad
1654 419 1823 477 proelia
1870 419 2205 477 proficiscantur
2229 436 2349 466 more
2379 421 2627 480 eol-ortium

289 494 515 541 sodalium
543 493 626 538 ab
653 494 794 554 signis
818 507 1029 553 pugnate,
1056 493 1102 535 in
1133 492 1248 536 urhe
1269 501 1318 537 ot
1342 492 1511 537 vexillis
1540 493 1602 536 uti
1632 501 1675 536 et
1701 493 1863 549 signis.-
1912 492 2118 536 Gontra
2106 509 2152 535 ιιι
2170 474 2422 550 legionariis
2450 503 2625 553 praetor

290 568 482 633 aquilam
512 580 635 627 mgna
665 571 695 609 'a
718 566 870 610 Taeito
901 580 987 608 non
1018 567 1183 618 reterri,
1213 566 1295 615 nisi
1325 566 1522 610 universe
1552 566 1709 610 vexilla
1736 566 1911 610 nomine
1939 567 2164 624 signorum
2183 566 2467 626 appdbntur.
2499 567 2623 613 Haec

289 642 382 689 illa
390 642 595 699 quidem.
624 642 700 684 sed
727 650 895 683 tantum
924 639 1046 687 abest
1074 650 1125 684 ιιι
1150 639 1427 697 qna-ntulit
1447 638 1706 697 exenphid
1731 639 1853 696 qued
1882 639 2021 685 veluit
2047 641 2259 694 evinmnt,
2290 649 2340 686 ut
2356 641 2469 686 duos
2488 640 2623 699 loeas,

290 716 373 772 qui
399 715 449 758 ei
468 714 667 757 fraudem
697 714 848 756 feeisse
875 714 1091 766 videntur,
1119 713 1254 772 longe
1277 713 1402 758 aliter
1428 712 1711 772 explicandos
1736 728 1831 759 esse
1858 722 2019 773 putem.
2049 713 2163 760 Sunt
2189 722 2334 760 autem
2364 714 2624 770 Anu-134·

294 787 590 832 Adsidentem
619 787 878 840 contionem,
909 802 1013 845 qsna
1039 786 1243 847 permixti
1272 786 1531 832 videbantur
1545 821 1557 842 ‚
1587 786 1849 833 diseedere‘
1836 803 1882 831 ιιι
1927 787 2173 848 manipulos
2201 789 2339 834 iubet:
2382 790 2445 835 sic
2474 789 2626 837 melius

291 862 518 906 audituros
537 876 809 919 responsum,
839 862 998 905 vexilla
1010 861 1233 920 praeferri,
1249 870 1297 905 ιιι
1326 862 1371 904 id
1392 862 1541 905 saltem
1559 862 1824 906 discerneret
1838 863 2052 916 cohortes,
2083 864 2248 908 tardius
2261 864 2625 922 obtemperavero.

292 935 352 980 Et
379 934 438 979 H.
469 934 527 979 11
557 935 583 979 8
597 936 635 980 5.
695 934 944 993 Aquileiam
972 949 1228 994 progressae
1257 935 1468 996 (legiones
1497 934 1737 993 Moesicae)
1767 935 2035 993 proturbatis
2064 936 2139 994 qui
2164 937 2218 980 de
2248 935 2423 981 Othone
2452 937 2626 981 nuntior

291 1008 398 1054 bant
424 1008 709 1066 laceratisque
737 1008 905 1053 vexillis
945 1023 1104 1053 nomen
1132 1009 1296 1053 Vitellii
1344 1008 1684 1068 praeferentibus
1731 1009 1944 1053 hostiliter
1990 1020 2178 1069 egerant.
2238 1009 2306 1055 cf.
2338 1010 2457 1054 Suet.
2491 1010 2624 1068 Vesp.

287 1083 342 1126 de
368 1083 545 1129 iisdem:
580 1098 824 1136 „assensere
853 1082 996 1126 cuncti
1025 1096 1268 1139 nomenque
1296 1076 1390 1126 eius
1419 1082 1586 1126 vexillis
1615 1082 1819 1127 omuibus
1847 1084 1939 1127 sine
1968 1099 2091 1127 mora
2119 1085 2475 1144 inscripserunt.“
2529 1083 2624 1128 Iam

285 1157 330 1200 in
358 1164 546 1213 utroque
559 1157 657 1199 loeo
671 1156 726 1199 de
754 1155 922 1199 vexillis
933 1157 1109 1214 quidem
1122 1158 1268 1215 agitur
1280 1156 1518 1214 legionum,
1547 1155 1764 1199 itatem
1793 1164 1842 1200 ιιι
1870 1156 2087 1208 vexillum,
2103 1158 2222 1213 quod
2240 1158 2421 1215 proprie
2449 1157 2624 1209 dieitur,

288 1245 463 1287 quoque
492 1231 617 1288 signa
645 1229 827 1288 legionis
860 1230 904 1272 in
933 1231 1182 1274 universum
1211 1239 1362 1276 ornata
1377 1229 1510 1274 tuisse
1538 1229 1741 1281 diximus,
1772 1229 2049 1288 intelligenda
2078 1230 2174 1274 sint.
2205 1229 2363 1275 Priore
2381 1230 2498 1276 euim
2525 1229 2624 1275 loeo

288 1302 575 1351 Gemanicua
607 1304 815 1363 praeferri
845 1304 963 1349 iubet
992 1304 1164 1357 vexilla,
1193 1304 1353 1362 quibus
1381 1319 1479 1348 oum
1509 1303 1576 1349 vel
1607 1304 1732 1347 certis
1753 1303 1941 1346 numeris
1970 1303 2171 1348 distincta
2190 1311 2345 1356 essent,
2380 1305 2449 1347 vel
2479 1304 2624 1348 diver-

286 1379 345 1423 sis
374 1379 640 1423 ornamentis
672 1379 889 1436 variisque
919 1378 1139 1424 coloribus
1168 1378 1373 1437 insignita
1401 1378 1600 1420 cohortes
1628 1378 1795 1421 {acilius
1823 1379 2229 1425 internoscerentur.
2299 1377 2438 1435 Signa
2478 1384 2622 1423 amen

286 1467 341 1496 ne
367 1453 509 1498 disere
539 1452 715 1511 quidem
744 1452 900 1510 potuit,
957 1466 1055 1495 oum
1084 1451 1354 1510 singularum
1383 1451 1624 1497 eebor-tium
1653 1452 1842 1508 insignia
1869 1451 2047 1494 Taeitea
2076 1459 2213 1494 aetate
2243 1466 2331 1494 non
2360 1451 2421 1495 ita
2451 1450 2624 1500 diversa

285 1527 418 1573 fixisse
445 1527 674 1570 videantur
702 1540 780 1568 nec
809 1525 891 1568 nisi
935 1525 1192 1568 vexillorum
1220 1533 1296 1568 aut
1324 1525 1513 1568 numeris
1542 1533 1617 1568 aut
1646 1526 1907 1568 ornamentis
1923 1557 1935 1576 ,
1981 1525 2207 1568 cuiusnam
2236 1533 2380 1569 essent
2415 1523 2622 1576 cohortis,

285 1599 493 1658 distingui
521 1607 679 1656 posset.
740 1598 849 1641 Item
880 1613 925 1641 se
955 1596 1084 1641 habet
1108 1598 1217 1641 alter
1243 1598 1380 1650 loeus,
1409 1613 1497 1655 quo
1526 1597 1683 1641 diserte
1711 1598 1861 1642 eadem
1890 1598 2048 1642 vexilla
2063 1631 2075 1650 ‚
2107 1597 2266 1654 quibus
2297 1613 2455 1642 nomen
2487 1597 2623 1657 impe-

284 1672 443 1716 ratoris
470 1672 650 1715 inscribi
680 1670 845 1713 solebat
873 1671 1167 1728 proferuntur.
1229 1670 1364 1725 Quod
1393 1670 1590 1714 Suetonii
1625 1670 1768 1714 verbis
1798 1687 1931 1728 supra
1969 1671 2109 1715 allatis
2155 1672 2372 1717 luculente
2416 1686 2621 1729 compro-

286 1745 428 1796 batur,
462 1760 560 1788 cum
590 1745 761 1787 easdem
791 1744 984 1801 legioms
1012 1743 1180 1786 vexillis
1227 1759 1383 1787 nomon
1430 1743 1684 1801 Vespasiani
1711 1744 1980 1801 inscripsisse
2026 1745 2180 1789 tradat.
2239 1744 2434 1789 Sublatis
2477 1752 2623 1788 auoem

287 1817 355 1864 his
384 1816 553 1861 duabus
584 1825 631 1860 ut
660 1818 721 1860 ita
750 1817 889 1860 dicam
919 1816 1039 1859 aedis
1068 1815 1299 1868 columnis,
1350 1816 1521 1860 sublata
1549 1824 1613 1859 est
1642 1815 1797 1859 Ritteri
1837 1817 1891 1859 de
1940 1816 2108 1860 vexillis
2139 1818 2300 1875 opinio.
2361 1817 2476 1865 Nam
2508 1831 2622 1874 quos

284 1898 507 1951 praeterea
535 1890 677 1934 attulit
705 1890 839 1942 locos,
869 1890 924 1932 iis
952 1889 1059 1937 nihil
1087 1889 1264 1947 probari
1294 1889 1473 1933 videbis.
1532 1889 1676 1933 Sicad
1705 1890 1764 1932 H.
1795 1890 1843 1932 11
1875 1892 1941 1933 18.
1994 1889 2110 1940 „Sed
2140 1891 2378 1934 indomitus
2397 1890 2533 1934 ‘miles
2567 1916 2622 1923 —

287 1965 501 2024 correptis
530 1964 665 2023 signis
695 1963 948 2020 vexillisque
997 1972 1147 2006 ruere“
1174 1972 1429 2022 „postquam
1459 1963 1583 2022 signa
1609 1963 1982 2020 praetorianorum
1996 1996 2006 2014 ,
2052 1963 2211 2007 vexilla
2262 1963 2499 2009 electorum
2529 1964 2623 2008 sive

286 2039 402 2084 mille
429 2038 755 2083 vexillariorum
783 2054 878 2082 esse
905 2039 998 2096 ipse
1026 2039 1261 2090 adnotavit,
1292 2038 1443 2082 eodem
1472 2045 1726 2097 argumento
1740 2069 1752 2089 ‚
1783 2051 1870 2093 quo
1902 2037 2174 2094 singulorum
2204 2037 2388 2097 legionis
2421 2039 2624 2082 ordinum

291 2113 478 2172 insignia
508 2113 613 2155 haec
642 2112 776 2155 fuisse
804 2112 1094 2163 demonstret,
1143 2113 1250 2156 mire
1279 2112 1481 2155 abutitur.
1560 2111 1618 2165 H.
1649 2110 1697 2153 II
1726 2112 1796 2154 43.
1844 2110 2007 2167 „Legio
2038 2110 2164 2154 XXI
2194 2136 2251 2149 —·-
2278 2111 2469 2169 plurima
2499 2112 2626 2170 signa

286 2186 529 2242 vexillaque
558 2186 741 2242 rapuit.“
804 2184 939 2242 Signa
966 2194 1067 2228 sunt
1094 2185 1279 2243 legionis
1308 2185 1498 2243 primae,
1548 2183 1704 2228 vexilla
1734 2192 1975 2228 ceterorum
2024 2184 2229 2238 hostium,
2286 2199 2374 2228 non
2409 2185 2531 2243 quod
2560 2185 2625 2229 illi

288 2259 460 2305 videtur
485 2259 657 2302 inverso
688 2258 839 2301 ordine
854 2258 1132 2302 contrarium.
1192 2258 1304 2302 Nam
1333 2257 1452 2302 nulla
1479 2257 1564 2301 alia
1593 2272 1723 2301 causa
1747 2256 1924 2301 Tacitus
1953 2257 2117 2314 alioqui
2150 2258 2383 2301 verborum
2418 2258 2624 2315 parcissi-

288 2348 383 2376 mus
400 2331 596 2377 adiunxit
610 2346 689 2382 „ex
701 2330 939 2384 hostibus‚“
953 2345 1083 2388 quam
1095 2331 1214 2388 quod
1232 2331 1415 2389 legionis
1432 2330 1604 2373 ordines
1619 2347 1644 2374 a
1663 2331 1815 2374 ceteris
1836 2331 2060 2374 distinctos
2081 2331 2241 2373 voluits
2258 2331 2317 2373 H.
2329 2331 2403 2374 ΙΙΙ
2414 2333 2483 2374 63.
2496 2332 2624 2389 signa

286 2406 657 2464 praetorianorum
677 2405 862 2463 insignia
877 2404 1094 2463 primaria,
1125 2404 1281 2449 vexilla
1294 2404 1564 2464 singulorum
1583 2405 1786 2452 ordinum
1803 2404 1983 2462 propria
1998 2403 2195 2447 habenda
2215 2413 2327 2447 sunt.
2358 2404 2524 2447 Eadem
2550 2419 2622 2447 ra-

285 2479 402 2524 tione
430 2485 472 2524 et
489 2477 547 2523 H.
578 2478 644 2524 IV
678 2481 732 2527 15
752 2480 874 2539 signa
886 2481 1128 2538 vexillaque
1146 2488 1188 2525 et
1206 2479 1271 2522 IV
1287 2481 1343 2521 34
1372 2480 1495 2538 signa
1504 2479 1748 2525 cohortium
1767 2479 1999 2528 sociorum,
2017 2478 2172 2520 vexilla
2189 2478 2469 2533 reliquiarum
2483 2478 2622 2536 legio-

285 2567 390 2598 num
419 2554 748 2613 interpretanda
775 2569 883 2608 esse,
912 2570 966 2599 ex
996 2557 1241 2600 conditione
1269 2555 1481 2598 exercitus
1510 2553 1753 2595 miserrima
1780 2553 1959 2609 intelligi
1990 2552 2098 2596 licet.
2155 2550 2289 2605 Quod
2318 2568 2421 2596 vero
2451 2551 2622 2597 addidit

285 2628 481 2681 alterum,
497 2642 710 2686 nusquam
732 2628 808 2671 ubi
823 2629 876 2673 de
905 2629 1147 2688 legionibus
1166 2644 1253 2670 non
1264 2629 1455 2670 admixta
1469 2627 1579 2669 alius
1609 2627 1778 2683 generis
1798 2626 1947 2669 militia
1975 2641 2115 2669 sermo
2133 2625 2200 2676 sit,
2232 2625 2356 2684 signa
2376 2625 2622 2683 vexillaque

284 2702 527 2754 nominari,
568 2703 613 2743 id
635 2717 681 2744 re
709 2703 804 2759 ipsa
834 2712 1164 2746 consentaneum
1195 2712 1272 2753 est,
1306 2718 1403 2745 cum
1430 2703 1466 2744 si
1503 2702 1722 2758 legionum
1752 2699 1936 2757 insignia
1965 2699 2187 2756 signorum
2219 2698 2391 2743 nomine
2423 2713 2623 2758 compre·

287 2776 507 2827 henderet,
537 2790 623 2817 non
654 2777 739 2817 iam
759 2777 925 2818 vexillis
954 2777 1076 2819 locus
1088 2777 1229 2827 fuerit,
1261 2776 1343 2819 nisi
1358 2776 1535 2831 insuper
1554 2774 1705 2818 delecti
1724 2789 1778 2817 ex
1793 2771 2034 2830 legionibus
2054 2771 2261 2815 afferendi
2283 2781 2438 2820 essent.
2464 2773 2621 2832 Neque

284 2850 383 2906 plus
411 2848 593 2905 profecit
612 2849 680 2890 vir
708 2850 982 2892 doctissimus
998 2852 1043 2892 in
1060 2850 1326 2907 explicandis
1355 2849 1487 2906 signis
1516 2847 1768 2904 vexillisque
1797 2844 2182 2904 praetorianorum.
2226 2845 2339 2890 Nam
2369 2847 2405 2891 si
2436 2847 2482 2890 in
2512 2847 2621 2892 urbe

286 2935 362 2964 eos
391 2921 638 2979 promiscue
676 2929 719 2964 et
748 2922 915 2968 vexillis
945 2931 987 2965 et
1016 2923 1174 2981 signis,
1223 2923 1269 2965 in
1308 2920 1652 2978 expeditionibus
1682 2919 1785 2963 solis
1829 2918 1963 2977 signis
1994 2933 2097 2962 usos
2127 2933 2219 2962 esse
2249 2920 2382 2972 dicit,
2413 2921 2459 2963 id
2489 2929 2538 2963 ut
2568 2935 2622 2964 ex

285 2993 424 3037 Taciti
469 2993 676 3049 loquendi
725 3010 880 3051 genere
910 2996 1195 3053 comprobare
1224 2996 1374 3052 possit,
1406 3009 1665 3051 magnopere
1693 3008 1858 3037 vereor.
1909 2993 2048 3036 Immo
2080 3001 2264 3037 utuntur
2291 3002 2334 3038 et
2362 2994 2407 3037 in
2437 2994 2545 3039 urbe
2576 3004 2619 3038 et

286 3070 329 3112 in
359 3066 707 3126 expeditionibus
748 3068 882 3127 signis
911 3069 1165 3125 vexillisque
1194 3069 1356 3128 pariter
1384 3084 1434 3110 ac
1462 3067 1651 3125 legiones
1681 3067 1872 3125 integrae
1901 3066 2058 3123 aquilis
2105 3066 2338 3125 signisque.
2360 3070 2408 3117 ⁸²)

339 3172 390 3216 ⁸2)
427 3174 569 3207 Praeter
598 3173 695 3214 signa
722 3174 880 3207 militaria
906 3176 994 3208 iusta
1019 3175 1182 3216 imagines
1209 3174 1448 3217 imperatorum
1475 3174 1564 3216 apud
1592 3174 1734 3216 primam
1761 3174 1934 3210 oehoetem
1960 3180 2076 3210 orant:
2114 3184 2203 3219 quas
2227 3175 2285 3218 qai
2317 3175 2509 3216 portabant
2537 3175 2624 3208 ima·

422 3234 648 3276 giniferorum
675 3235 810 3268 nomine
837 3245 858 3267 a
885 3235 1021 3278 reliquis
1050 3234 1219 3277 signiferis
1246 3234 1546 3275 distinguebantur.
1600 3232 1658 3267 cf.
1686 3234 1804 3276 Lang-
1828 3234 1854 3266 1.
1880 3234 1907 3267 -Ι,
1937 3245 1970 3277 p.
1998 3232 2062 3268 ΑΒ.
