2982 3685
1349 209 1607 248 „4—

304 332 360 361 ex
388 315 567 375 Illyrico
583 324 625 361 et
654 317 878 377 Aegypto.
902 318 954 377 ¹²⁶)
1001 317 1060 359 H.
1091 317 1140 360 11
1173 320 1268 362 100.
1299 319 1510 361 vexillarii
1548 321 1679 363 trium
1709 320 2058 363 Britannicarum
2089 320 2328 378 legionum.
2362 321 2458 363 coll.
2500 321 2559 365 H.
2589 320 2640 363 H

306 392 374 436 57.
432 390 533 448 Ipse
562 404 585 433 e
616 390 869 435 Britannico
900 392 1068 434 delectu
1098 398 1197 434 octo
1228 393 1346 434 milia
1376 393 1460 434 sibi
1489 394 1708 444 adiunxit3
1739 401 1868 450 atque
1898 395 1951 436 de
1993 394 2146 437 iisdem
2195 394 2253 437 H.
2284 394 2356 437 111
2387 396 2454 437 22.
2484 394 2644 437 vexilla

305 478 445 507 nonae
475 465 774 520 secundaeque
805 471 847 505 et
876 465 1104 506 vicesimae
1133 464 1365 522 legionum.
1386 467 1438 524 ¹⁶)

423 538 493 580 Ita
523 539 753 580 constituta
771 538 894 592 quasi
925 553 1092 578 summa
1108 540 1387 593 quaestionis,
1418 555 1528 595 quae
1558 541 1603 581 in
1633 541 1985 596 disceptationem
2007 540 2152 581 venire
2182 539 2322 590 debet,
2352 540 2438 582 iam
2468 538 2646 596 singula·

308 611 633 653 vexillariorum
663 625 822 665 genera
852 610 913 652 sic
942 624 995 651 ex
1024 610 1131 665 ipsis
1164 613 1388 667 scriptoris
1417 613 1525 656 locis
1553 612 1793 664 illustrabo,
1824 620 1872 655 ut
1894 611 1970 667 qui
1981 620 2057 654 aut
2087 627 2237 655 revera
2264 621 2340 656 aut
2370 612 2501 656 variis
2511 611 2646 656 inter-

309 692 479 742 pretum
508 682 729 725 erroribus
760 682 1009 724 difficultate
1038 683 1184 737 aliqua
1213 684 1413 727 laborant
1459 687 1730 740 praemittam
1746 702 1758 735 3
1807 684 1966 739 quibus
1983 684 2226 728 accuratius
2256 684 2509 728 examinatis
2539 701 2643 729 con-

311 765 503 815 spectum
533 757 799 811 reliquorum
820 756 1025 806 omnium,
1058 757 1131 811 qui
1162 758 1280 814 apud
1296 758 1493 800 Tacitum
1523 752 1816 815 proferuntur,
1848 757 2036 800 breviter
2054 756 2327 814 subiungam.
2359 757 2429 802 Ac
2458 758 2647 815 primum

311 830 483 888 quidem
514 829 782 871 vexillum
804 830 855 887 ¹⁶)
889 829 942 870 di
957 830 1102 871 citur
1151 831 1374 889 insigne
1423 831 1777 890 singularum
1822 831 1930 888 legi
1947 830 2071 873 onis
2120 831 2365 887 partium
2397 832 2463 873 ad
2494 840 2647 875 certa

308 919 529 947 munera
559 903 819 945 obeunda
851 919 871 945 s
890 904 959 945 ub
997 906 1286 960 praefecto
1318 907 1434 948 sive
1464 923 1679 963 praepo
1695 907 1799 948 sito
1832 906 2128 949 missarum
2174 905 2422 960 itemque
2453 910 2645 963 copiae

308 978 410 1021 sub
440 979 632 1019 eodem
664 978 1034 1029 coniunctae,
1086 994 1222 1033 quas
1252 979 1417 1022 hodie
1448 980 1527 1023 rei
1573 980 1804 1023 militari
1821 997 1841 1024 s
1888 977 2060 1037 periti
2089 976 2384 1035 appellant
2413 981 2687 1038 Detafflef.

306 1068 344 1098 ιη
357 1068 406 1098 en
419 1060 434 1098 t
447 1061 484 1105 e,
515 1060 538 1097 b
551 1068 567 1097 e
578 1060 593 1097 t
605 1068 628 1097 α
642 1056 677 1106 d,
690 1055 702 1097 i
713 1068 733 1097 t
746 1061 758 1096 t
773 1068 789 1097 e
821 1056 853 1098 (Ξ
865 1069 886 1098 ο
901 1065 956 1108 rb
969 1061 1005 1098 e.
1065 1052 1168 1106 Quo
1212 1070 1342 1097 sensu
1382 1053 1596 1110 genitivus
1636 1053 1913 1097 substantivis
1942 1051 2088 1096 vexilli
2139 1059 2181 1095 et
2210 1051 2526 1097 vexillarioram
2557 1053 2646 1099 fere

305 1126 533 1169 adiunctus
562 1134 699 1169 totum
729 1127 895 1169 indicat
925 1142 1099 1183 corpus,
1132 1126 1256 1170 cuius
1288 1126 1438 1171 delecti
1469 1134 1634 1183 partem
1666 1126 1853 1183 aliquam
1872 1126 2074 1171 efficiunt.
2107 1124 2328 1170 Plurimos
2358 1124 2499 1171 Taciti
2527 1126 2646 1172 locos

306 1200 391 1243 huc
420 1207 660 1256 spectantes
704 1198 862 1242 mirum
893 1207 1102 1254 quantum
1144 1207 1356 1243 vexarunt
1404 1216 1501 1244 cum
1532 1199 1605 1243 alii
1644 1200 1899 1257 interpretes
1939 1207 2031 1243 tum
2074 1199 2286 1256 imprimis
2316 1198 2368 1241 L.
2401 1199 2643 1253 VValchius,

306 1272 381 1329 qui
410 1272 607 1329 quamvis
635 1272 770 1315 multa
811 1272 1008 1315 doctrina
1048 1271 1091 1314 id
1133 1288 1271 1316 unum
1302 1273 1438 1331 egisse
1468 1273 1640 1317 videtur
1653 1307 1663 1324 ‚
1704 1281 1750 1317 ut
1772 1289 1862 1317 rem
1911 1273 2069 1318 claram
2100 1279 2382 1329 apertamque
2414 1272 2645 1317 obscuram

303 1349 502 1392 redderet
531 1346 785 1404 magnisque
816 1343 1142 1387 difficultatibus
1180 1345 1430 1388 involutam.

360 1421 535 1464 Primus
573 1419 694 1462 locus
724 1426 788 1460 est
819 1416 934 1459 Ann.
978 1417 1002 1459 I
1034 1418 1100 1459 20.
1145 1417 1374 1460 Interea
1402 1419 1679 1475 manipuli
1709 1426 1833 1460 ante
1864 1425 2112 1474 coeptam
2144 1418 2479 1460 seditionem
2510 1419 2644 1462 Nau-

303 1501 525 1553 portum
557 1491 712 1534 missi
745 1490 812 1533 ob
866 1489 1074 1532 itinera
1104 1497 1157 1531 et
1187 1491 1331 1534 alios
1362 1507 1494 1533 usus
1525 1498 1816 1548 postquam
1854 1490 2137 1533 turbatum
2178 1491 2232 1532 in
2263 1492 2468 1534 castris
2499 1506 2642 1534 acce-

303 1584 333 1626 p
344 1583 367 1611 e
377 1582 446 1619 re,
471 1583 499 1610 v
510 1582 532 1609 e
543 1582 571 1607 x
584 1565 646 1608 ill
659 1581 684 1607 a
703 1581 725 1609 c
738 1579 763 1607 o
774 1580 802 1606 n
814 1580 841 1607 v
852 1579 874 1606 e
884 1563 924 1605 ll
937 1579 965 1605 u
975 1579 1002 1605 n
1017 1571 1045 1608 t.
1083 1564 1179 1607 Ubi
1211 1572 1253 1607 et
1267 1565 1584 1622 manipulorum
1605 1565 1777 1607 nomine
1798 1572 1839 1606 et
1853 1563 2077 1607 laboribus
2099 1564 2396 1623 suscipiendis,
2419 1564 2641 1607 cuiusnam

300 1640 363 1684 illi
382 1639 559 1683 militiae
573 1637 743 1697 generis
762 1636 934 1687 fuerint,
954 1636 1056 1678 satis
1082 1651 1302 1693 superque
1314 1638 1538 1680 indicatur.
1554 1637 1790 1680 Mittuntur
1804 1637 1915 1679 enim
1933 1636 1989 1679 ob
2005 1636 2160 1679 itinera
2175 1644 2216 1678 et
2231 1636 2472 1688 aliosusus,
2484 1636 2642 1692 quibus

302 1719 604 1760 exauctoratos
626 1712 836 1755 immunes
848 1709 979 1753 fuisse
999 1717 1177 1754 constat.
1212 1710 1395 1755 Vexillis
1404 1718 1545 1754 autem
1562 1710 1769 1768 manipuli
1798 1710 1895 1752 ideo
1911 1717 2104 1761 utuntur,
2129 1709 2247 1766 quod
2263 1724 2288 1751 a
2300 1724 2377 1751 sua
2396 1709 2565 1768 legione
2577 1724 2641 1752 se-

301 1788 434 1832 iuncti
448 1801 537 1830 non
568 1784 734 1842 aquilas
743 1783 961 1842 legionum
977 1783 1108 1827 duces
1122 1784 1243 1840 sequi
1261 1790 1472 1842 poterant,
1485 1784 1559 1826 sed
1574 1784 1756 1842 propria
1765 1783 2084 1825 vexillariorum
2106 1782 2306 1839 insignia,
2318 1783 2433 1825 unde
2444 1791 2485 1825 et
2499 1784 2641 1840 ipsum

301 1875 458 1906 nomen
484 1858 722 1902 trahebant.
782 1857 910 1899 Tales
939 1857 1187 1899 vexillarios
1221 1859 1309 1899 sive
1340 1858 1633 1899 vexillationes
1655 1862 1706 1915 ¹⁷)
1736 1858 1955 1914 legionum
1997 1857 2065 1908 vel
2088 1857 2340 1898 'cohortium
2382 1858 2542 1911 passim
2573 1873 2642 1899 re-

299 1935 432 1993 periri
460 1941 502 1975 et
532 1947 578 1975 re
607 1933 702 1988 ipsa
747 1939 1081 1973 consentaneum
1131 1940 1195 1973 est
1237 1940 1278 1973 et
1314 1932 1456 1973 multis
1506 1933 1722 1974 veteribus
1763 1932 1895 1973 titulis
1939 1919 2153 1973 luculente
2186 1929 2506 1985 comprobatur.
2570 1930 2635 1973 Cf.

305 2007 649 2052 Orelli-Henzen
677 2005 813 2046 Inscr.
844 2003 941 2045 Lat.
972 2005 1068 2045 845.
1102 2005 1227 2046 2008.
1261 2004 1385 2046 2009.
1418 2005 1543 2047 2010.
1589 2006 1713 2048 3993.
1746 2005 1868 2047 3565.
1903 2005 2027 2046 5276.
2060 2004 2184 2046 5456.
2226 2004 2350 2045 6621.
2393 2004 2505 2045 6693
2543 2018 2640 2046 cum

303 2088 408 2124 nota
435 2078 661 2121 Henzenii.
692 2077 745 2118 In
776 2077 842 2118 his
875 2075 1074 2117 omnibus
1090 2076 1244 2118 milites
1274 2077 1383 2119 varii
1401 2078 1569 2134 generis
1599 2078 1654 2120 ad
1671 2077 1830 2120 similes
1859 2076 2031 2118 labores
2047 2076 2333 2133 perficiendos
2364 2074 2444 2117 sub
2476 2076 2640 2119 vexillis

302 2153 555 2196 amandatos
587 2151 781 2208 legimus.
844 2150 957 2192 Istos
1007 2156 1150 2191 autem
1206 2165 1295 2191 non
1325 2150 1456 2192 fuisse
1505 2161 1730 2193 veteranos
1761 2166 1813 2193 ex
1864 2149 2067 2207 operibus
2112 2149 2166 2192 ab
2197 2149 2248 2192 iis
2280 2149 2490 2205 susceptis
2521 2149 2639 2193 clare

301 2226 567 2284 intelligitur,
588 2226 641 2280 ¹⁸)

358 2359 387 2387 ¹³⁸
438 2372 472 2397 v,
501 2360 634 2395 Hertel.
662 2360 686 2392 l.
716 2359 740 2393 1.

355 2361 403 2463 ²³}
436 2422 492 2454 Ex
519 2422 573 2453 his
600 2430 689 2462 quae
717 2418 814 2451 attuli
842 2417 1007 2459 exemplis
1023 2418 1098 2450 luce
1129 2418 1255 2450 clarius
1280 2419 1455 2460 probatur,
1483 2419 1676 2450 nominibus
1704 2419 1925 2459 delectorum,
1950 2419 2162 2459 vexillorum,
2189 2418 2442 2450 vexillariorum
2470 2418 2638 2459 legionum

438 2483 540 2524 plane
568 2481 758 2523 promiscue
785 2479 942 2510 Tacitum
969 2488 1067 2510 usum
1092 2489 1180 2511 esse.

355 2537 401 2582 ¹⁶)
438 2542 479 2572 de
507 2539 714 2572 derivatione
742 2536 897 2570 vocabuli
925 2547 956 2569 v.
985 2535 1083 2570 infra.

354 2597 401 2641 ¹⁷)
434 2598 649 2631 Vocabulum
677 2595 919 2634 vexillationis,
945 2596 1033 2637 quod
1063 2596 1095 2626 in
1124 2597 1242 2628 multis
1273 2596 1549 2637 inscriptionibus
1579 2602 1679 2636 extat,
1707 2597 1796 2638 apud
1826 2596 1980 2630 Tacitum
2009 2607 2073 2629 non
2102 2596 2279 2638 reperitur.

354 2657 401 2700 ¹⁸)
435 2658 490 2692 Cf.
518 2659 618 2690 etiam
646 2665 733 2698 quae
760 2656 793 2687 iu
824 2654 916 2688 Anu.
943 2654 998 2687 XI
1027 2654 1089 2688 20.
1135 2655 1179 2687 21
1211 2656 1252 2688 de
1279 2656 1465 2687 vexillariis
1500 2656 1542 2687 ad
1569 2655 1695 2688 fossam
1724 2658 1809 2687 inter
1836 2656 1969 2688 Mosam
1997 2657 2222 2698 Rhenumque
2267 2655 2454 2686 ducendam
2483 2655 2638 2698 rivosque

438 2720 471 2752 iu
499 2717 646 2751 metallis
673 2715 880 2748 effodiendos
908 2714 1068 2746 adhibitis
1097 2715 1254 2756 legimus.
1284 2731 1333 2738 —
1360 2714 1459 2748 Nunc
1495 2716 1608 2748 videas
1636 2721 1820 2757 praeterea.
1884 2714 1926 2757 3.
1954 2713 2196 2759 ῧῑειιδεηῦεῐς.
2287 2712 2368 2748 §Dae
2395 2712 2555 2750 {Denfmal
2579 2714 2635 2749 bes

440 2778 597 2823 ,bertulee
624 2775 786 2812 &uranus
814 2775 855 2808 im
881 2772 1074 2816 Btohltbul.
1117 2773 1381 2818 Sefiptogtemm
1409 2782 1446 2817 gu
1474 2771 1743 2809 Qinoeetmann's
1771 2772 1989 2819 Θεῠυῑΐσίας.
2045 2775 2150 2817 ffienn
2178 2772 2284 2807 1862.
2341 2773 2407 2805 Ubi
2436 2774 2468 2805 in
2498 2776 2640 2817 inscrip-

434 2836 584 2872 tionibus
611 2835 653 2868 ad
681 2833 863 2866 Herculem
892 2832 1065 2865 Saxauum
1094 2835 1330 2876 spectantibus
1368 2835 1494 2877 passim
1530 2835 1725 2866 vexillarios
1762 2835 1830 2866 sive
1872 2835 2105 2867 vexillationes
2142 2833 2352 2874 singularum
2389 2832 2559 2873 legionum
2586 2835 2639 2867 vel

435 2898 623 2932 cohortium
651 2896 737 2927 inter
762 2893 886 2926 milites
912 2893 1106 2925 dedicantes
1138 2895 1339 2936 reperimus.
1394 2893 1491 2934 Quos
1530 2895 1640 2925 virum
1668 2894 1788 2925 harum
1816 2903 1926 2926 rerum
1962 2895 2202 2937 peritissimum
2238 2899 2273 2925 et
2299 2894 2388 2934 apud
2416 2902 2477 2924 uos
2504 2894 2636 2935 quidem

437 2958 534 3002 quasi
570 2954 766 2996 signiferum
794 2955 836 2986 ad
851 2955 979 2996 equites
1006 2954 1147 2994 singulis
1176 2954 1368 2995 legionibus
1395 2957 1447 2988 vel
1475 2957 1672 2989 cohortibus
1699 2957 1830 2988 additos
1871 2956 1998 2989 referre
2025 2957 2123 2989 valde
2150 2956 2274 2993 miror,
2302 2964 2376 2986 cum
2418 2954 2508 2987 tales
2530 2956 2634 2989 vexil-

432 3018 580 3052 latioues
606 3017 647 3047 de
675 3014 842 3056 equitibus
871 3014 1028 3046 eminenti
1054 3014 1199 3055 quodam
1229 3024 1330 3048 sensu
1357 3016 1573 3058 accipiendae
1600 3016 1643 3048 ad
1670 3014 1854 3048 Theodosii
1882 3016 2020 3048 minoris
2047 3021 2191 3049 aetatem
2226 3014 2414 3046 reiciendas
2444 3014 2520 3046 sint.
2563 3014 2633 3055 Qui

434 3078 504 3111 illic
530 3078 834 3109 commemorantur
869 3071 1034 3103 vexillarii
1063 3073 1105 3104 ad
1146 3082 1251 3105 unum
1297 3084 1412 3106 omnes
1440 3075 1469 3106 ei
1497 3075 1638 3107 militum
1666 3075 1780 3116 generi
1817 3075 2020 3107 attribuendi
2048 3079 2143 3114 sunt,
2178 3074 2233 3115 qui
2274 3078 2310 3105 ut
2337 3072 2495 3105 lasciviae
2534 3072 2632 3106 luxu·

433 3138 570 3180 riaeque
606 3138 858 3172 occurreretur,
884 3132 927 3164 ad
954 3132 1051 3164 varia
1077 3133 1204 3170 munia,
1233 3138 1270 3165 ut
1296 3134 1339 3166 ad
1366 3134 1439 3166 vias
1454 3134 1661 3173 muniendas,
1687 3133 1799 3167 fossas
1826 3134 2006 3174 ducendas,
2033 3139 2153 3176 pontes
2179 3132 2365 3167 faciendos.
2396 3132 2526 3174 lapides
2554 3142 2629 3165 cae-

438 3198 565 3230 dendos
600 3195 646 3228 al.
675 3194 906 3235 elegionihus‚
933 3193 1140 3232 cohortibus,
1164 3193 1239 3231 alis,
1266 3193 1377 3228 classe
1405 3196 1542 3238 sepositi
1584 3196 1646 3228 sub
1674 3206 1735 3228 suo
1761 3196 1886 3229 vexillo
1912 3196 2047 3229 labores
2073 3197 2156 3229 istos
2181 3195 2394 3228 sustinerent.
