2982 3685
1369 173 1623 213 —2‚..

319 282 466 341 aliquo
497 282 740 336 missarum,
770 293 863 328 tum
893 283 1051 328 vexilla
1091 290 1399 328 veteranorum
1444 284 1777 341 vexillariosque
1794 316 1807 336 ‚
1847 298 1958 340 quos
2009 282 2126 327 solos
2169 284 2230 329 ita
2266 285 2446 344 proprio
2494 285 2669 332 nomine

317 356 556 415 appellatos
585 356 819 402 voluerunt
848 357 1045 402 nonnulli
1077 357 1355 416 interpretes,
1384 356 1535 415 paullo
1567 358 1810 403 accuratius
1839 356 2092 417 investigem
2110 364 2153 401 et
2183 358 2424 405 subiunctis
2456 360 2524 413 iis,
2555 375 2668 417 quae

320 430 375 473 de
403 430 574 474 vexillis
601 430 807 482 tironum,
838 431 1044 486 equitum,
1076 430 1345 488 singularum
1373 430 1618 475 cohortium
1647 431 1765 488 apud
1794 430 2050 488 scriptorem
2079 438 2276 476 nostrum
2305 433 2547 485 traduntur,
2580 447 2665 490 po-

324 510 483 547 stremo
514 511 556 547 et
585 518 695 560 quae
724 519 778 547 ex
807 504 945 546 Taciti
973 504 1182 560 loquendi
1211 518 1369 561 genere
1388 503 1548 548 suerint
1576 504 1734 549 vexilla
1762 511 1804 548 et
1833 503 1940 561 quid
1958 504 2246 549 intercesserit
2274 506 2533 551 discriminis
2552 506 2669 551 inter

320 590 371 619 ea
400 577 610 635 signaque
638 578 795 620 certius
825 576 1004 620 definire
1034 577 1215 633 suisque
1245 577 1404 621 finibus
1433 577 1787 621 circumscribere
1818 576 2027 621 studeam.

440 648 565 702 Quae
596 650 648 691 de
678 650 911 692 vexillariis
942 650 1310 693 circumferuntur
1338 651 1533 693 virorum
1564 651 1793 692 doctorum
1831 650 2056 706 opiniones
2086 658 2185 706 apte
2215 665 2316 693 cum
2348 651 2544 694 Hertelio
2573 651 2602 693 l.
2634 652 2663 693 l.

322 721 368 764 in
384 730 589 778 quattuor
618 721 776 766 classes
804 722 864 766 ita
893 722 1085 766 dividere
1130 722 1280 775 volui,
1310 729 1360 766 ut
1386 722 1552 780 primae
1573 730 1615 766 et
1643 720 1820 765 alterius
1837 720 2037 779 Lipsium
2081 737 2287 780 ponerem
2327 731 2559 768 auctorem.
2621 723 2667 768 Is

324 809 423 838 cum
451 794 508 837 ad
538 794 654 837 Ann.
685 794 709 838 1
741 797 808 840 17.
838 796 1087 839 vexillarios
1120 796 1256 839 fuisse
1277 804 1515 847 veteranos,
1548 796 1623 852 qui
1653 795 1876 851 stipendiis
1910 795 2096 852 peractis
2125 796 2153 837 i.
2185 810 2221 841 e.
2252 796 2455 840 vicesimo
2488 797 2665 840 militiae

324 881 438 910 anno
467 865 667 911 absoluto
699 867 781 911 sub
811 868 980 912 vexillis
1008 856 1284 921 haberentur,
1315 868 1452 913 donec
1472 868 1711 925 praemium
1741 873 1783 911 et
1812 867 1989 911 emerita
2011 868 2267 925 acciperent,
2294 870 2525 922 statuisset,
2555 884 2661 915 con-

323 947 392 983 tra
419 940 474 984 ad
505 940 618 984 Hist.
648 940 697 986 11
728 942 814 985 100
842 941 925 986 hoc
965 941 1189 1000 adiungit:
1244 941 1492 993 „sciendum
1521 948 1607 992 est,
1638 939 1829 998 duplicia
1872 940 2029 985 vexilla
2057 940 2195 985 videri
2235 941 2309 986 illo
2351 956 2458 987 aevo
2505 943 2659 988 fuisse:

324 1012 445 1070 prius
475 1028 498 1057 e
528 1014 756 1066 veteranis,
786 1013 968 1063 alterum
997 1028 1052 1057 ex
1071 1013 1283 1058 electione
1312 1014 1360 1058 in
1387 1014 1637 1059 necessitate
1664 1012 1810 1071 aliqua
1837 1020 1913 1057 aut
1941 1012 2077 1058 bello:
2118 1029 2218 1058 cum
2247 1014 2367 1073 ipsae
2396 1015 2588 1074 legiones
2620 1022 2662 1059 et

325 1086 496 1142 aquilae
524 1088 568 1131 in
599 1088 750 1132 castris
779 1096 854 1131 aut
882 1089 1118 1146 provinciis
1152 1088 1519 1145 relinquebantur,
1551 1098 1666 1132 certa
1695 1104 1825 1132 manu
1849 1088 2077 1146 discerpta,
2109 1089 2185 1146 qui
2215 1088 2296 1132 sub
2327 1089 2494 1133 vexillo
2527 1091 2669 1133 mitte-

322 1158 505 1211 bant-un
536 1161 580 1204 hi
609 1161 715 1205 tales
744 1161 955 1205 vexillarii
985 1170 1027 1205 et
1047 1177 1070 1205 e
1121 1161 1197 1205 tali
1226 1161 1395 1219 legione
1426 1161 1667 1205 dicuntur.“
1701 1163 1736 1219 ³)
1785 1161 1913 1205 Hanc
1950 1161 2128 1204 alteram
2159 1164 2413 1207 sententiam
2446 1166 2532 1208 huc
2561 1163 2670 1206 illuc

327 1240 534 1278 mutatam
562 1234 674 1278 inter
712 1234 820 1279 alios
858 1235 993 1279 secuti
1042 1241 1144 1279 sunt
1190 1232 1445 1279 Gronovius
1459 1235 1497 1292 ⁴)
1534 1242 1576 1279 et
1616 1234 1680 1280 Le
1710 1235 1842 1279 Beau.
1863 1236 1899 1291 ὓ)
1956 1233 2105 1278 Tertio
2149 1235 2247 1279 loco
2278 1235 2504 1280 Hertelius
2536 1237 2661 1295 ponit

325 1321 460 1350 unum
489 1306 752 1360 Ernestium,
771 1308 808 1364 ⁶)
857 1307 931 1363 qui
961 1306 1006 1350 in
1050 1322 1238 1352 excursu
1268 1306 1324 1350 ad
1353 1305 1551 1351 Tacitum
1591 1307 1696 1351 haec
1724 1307 1809 1350 tria
1836 1307 2049 1351 invenisse
2079 1306 2163 1350 sibi
2191 1307 2389 1352 videtur:
2445 1308 2665 1366 „primum

325 1376 458 1423 fuisse
500 1378 749 1423 vexillarios
793 1378 1010 1437 peculiare
1040 1393 1179 1437 genus
1210 1378 1393 1422 militum
1424 1379 1512 1423 sive
1541 1379 1802 1436 peculiarem
1831 1379 2005 1423 militiae
2033 1380 2239 1437 gradum;
2281 1380 2441 1423 deinde
2472 1381 2665 1439 legiona-

328 1450 417 1495 rios
446 1452 601 1496 milites
628 1452 785 1504 fuisse3
846 1452 1031 1509 denique
1075 1453 1208 1496 fuisse
1238 1451 1400 1494 tirones
1448 1452 1722 1508 eosdemque,
1753 1452 1828 1508 qui
1857 1452 1960 1495 olim
1988 1452 2145 1496 hastati
2174 1452 2378 1495 fuerint.“
2459 1453 2672 1507 Quartam

328 1523 508 1569 classem
555 1525 749 1571 efficiunt
778 1525 1015 1571 Salmasius
1035 1528 1070 1584 ⁷)
1101 1532 1143 1570 et
1182 1525 1363 1569 Dureau
1393 1525 1447 1568 de
1475 1524 1691 1569 Lamalle:
1732 1524 1811 1569 Ille
1839 1525 1945 1569 levis
1974 1532 2219 1570 armaturae
2262 1526 2417 1569 milites
2457 1526 2671 1585 intelligit,

329 1597 398 1642 hic
425 1598 588 1656 primas
618 1599 885 1658 singularum
915 1599 1160 1643 cohortium
1176 1599 1393 1643 centurias
1422 1599 1569 1642 vexilli
1600 1599 1800 1641 custodes
1816 1598 1901 1642 dici
1930 1606 2054 1657 putat
2072 1599 2331 1643 vexillarios.
2366 1599 2669 1659 (Qtenabiete).

326 1671 397 1714 Ex
426 1672 494 1715 his
535 1673 735 1717 omnibus
766 1689 897 1717 unam
925 1674 1066 1731 Lipsii
1095 1688 1226 1730 quam
1258 1672 1394 1716 altero
1423 1672 1519 1714 loco
1550 1672 1678 1729 posui
1709 1673 1954 1731 opinionem
1985 1688 2130 1715 veram
2159 1688 2266 1724 esse,
2299 1681 2347 1715 ut
2379 1673 2490 1715 inter
2513 1687 2665 1715 omnes

326 1746 413 1789 iam
441 1747 544 1790 satis
574 1754 767 1800 constat,
796 1748 856 1791 ita
886 1748 961 1804 qui
990 1747 1129 1791 Taciti
1177 1746 1263 1789 loci
1308 1745 1364 1787 ad
1408 1744 1595 1787 delectos
1613 1777 1624 1797 ,
1655 1745 1729 1801 qui
1774 1745 1829 1787 ad
1878 1753 2102 1788 veteranos
2149 1744 2360 1788 referendi
2391 1746 2502 1796 sint,
2534 1745 2661 1788 valde

327 1819 571 1878 ambigitur.
629 1820 771 1864 Nobis
800 1835 903 1866 vero
948 1822 994 1864 id
1023 1821 1206 1864 maxime
1234 1820 1509 1877 propositum
1546 1826 1633 1870 est,
1679 1826 1726 1860 ut
1764 1833 1852 1875 qua
1880 1820 1924 1861 vi
1973 1819 2197 1861 vocabulis
2227 1819 2372 1861 vexilli
2410 1827 2451 1861 et
2480 1819 2658 1861 vexilla-

328 1892 493 1937 riorum
504 1893 576 1937 ille
605 1908 712 1938 usus
741 1894 809 1945 sit,
841 1908 895 1937 ex
923 1894 1060 1951 ipsius
1090 1892 1313 1950 scriptoris
1331 1892 1437 1935 locis
1468 1892 1727 1948 comparatis
1744 1892 1944 1935 omnibus
1974 1906 2125 1935 eruere
2156 1900 2298 1949 atque,
2320 1901 2530 1948 quantum
2560 1892 2659 1934 fieri

326 1967 478 2025 possit,
509 1967 601 2011 eius
631 1968 801 2012 dicendi
830 1967 1140 2013 consuetudine
1170 1980 1341 2009 omnem
1371 1965 1683 2008 dubitationem
1712 1966 1756 2007 in
1786 1972 2009 2023 posterum
2038 1965 2271 2023 profligare
2301 1979 2521 2009 conemur.

444 2039 515 2085 Ac
543 2040 867 2085 vexillariorum
896 2056 1053 2084 nomen
1081 2055 1179 2083 oum
1200 2038 1318 2096 apud
1348 2039 1578 2095 scriptores
1609 2038 1768 2081 liberae
1799 2038 2061 2095 reipublicae
2092 2052 2307 2093 nusquam
2337 2038 2421 2080 nisi
2451 2038 2504 2080 de
2523 2038 2661 2094 signi-

326 2113 429 2157 feris
459 2115 630 2167 dicitur,
655 2116 966 2173 imperatorum
984 2114 1158 2157 demum
1187 2119 1324 2156 aetate
1337 2114 1374 2169 ⁸)
1404 2112 1457 2154 de
1488 2112 1694 2154 militibus
1725 2111 1806 2153 sub
1837 2110 1994 2153 vexillo
2024 2097 2311 2154 tendentibus
2328 2111 2386 2152 ita
2415 2110 2549 2152 valuit
2566 2141 2577 2161 ,
2608 2117 2660 2151 ut

325 2187 370 2230 in
398 2203 556 2233 nomen
585 2190 813 2246 proprium
842 2189 967 2245 quasi
995 2186 1152 2230 abiisse
1182 2185 1395 2237 videatur,
1420 2200 1508 2239 quo
1539 2184 1678 2228 omnis
1709 2183 1881 2227 militiae
1910 2184 2078 2242 generis
2115 2184 2303 2228 delectos
2333 2183 2494 2239 quique
2515 2197 2541 2225 a
2569 2189 2662 2225 toto

325 2277 511 2320 corpore
540 2263 723 2308 seiuncti
751 2270 914 2314 essent,
959 2260 1354 2317 complecterentur.
1415 2258 1581 2301 Eodem
1610 2257 1699 2301 fere
1729 2273 1854 2301 sensu
1893 2257 2020 2301 etiam
2055 2258 2173 2316 apud
2204 2257 2433 2302 Caesarem
2481 2256 2657 2300 Livium

324 2337 433 2382 alios
461 2338 619 2382 vexilla
648 2337 1045 2395 supplementorum
1075 2334 1131 2376 ad
1160 2332 1397 2376 exercitum
1427 2331 1656 2375 missorum
1686 2330 1885 2388 pluribus
1913 2330 2019 2374 locis
2050 2331 2340 2388 reperiuntur,
2371 2330 2449 2374 sed
2479 2329 2660 2373 vexilla-

321 2414 488 2457 riorum
516 2410 848 2469 appellationem
877 2409 1037 2452 frustra
1072 2404 1348 2462 quaesiveris.
1410 2403 1559 2458 Quare
1588 2404 1643 2447 ab
1674 2403 1892 2462 Augusto,
1923 2404 1998 2460 qui
2027 2404 2072 2446 in
2101 2418 2148 2446 re
2179 2403 2350 2445 militari
2381 2410 2422 2444 et
2452 2416 2656 2445 commu-

321 2487 426 2531 tavit
454 2486 588 2528 multa
616 2492 658 2527 et
687 2484 882 2535 instituit,
896 2484 934 2539 ⁹)
965 2482 1018 2525 de
1051 2479 1260 2524 militibus
1299 2478 1380 2522 sub
1420 2478 1578 2523 vexillo
1628 2478 1769 2521 missis
1799 2478 2079 2521 mutationem
2128 2477 2316 2533 aliquam
2363 2476 2519 2519 factam
2550 2490 2650 2518 esse

323 2567 560 2604 statuamus
587 2570 762 2600 necesse
792 2563 868 2599 est.
929 2554 1051 2598 Sicut
1078 2551 1191 2596 enim
1220 2551 1410 2595 veterani
1426 2551 1480 2595 ab
1511 2552 1595 2595 illis
1625 2552 1796 2595 demum
1827 2550 2094 2607 temporibus
2124 2558 2224 2607 post
2252 2550 2649 2593 exauctorationem

320 2632 438 2691 apud
452 2631 690 2675 exercitum
717 2636 925 2685 tanquam
953 2626 1159 2685 propriae
1174 2624 1374 2670 cohortes
1385 2625 1691 2677 retinebantur,
1725 2632 1993 2675 „ceterorum
2014 2624 2224 2667 immunes
2241 2623 2325 2665 nisi
2357 2622 2644 2679 propulsandi

375 2760 407 2803 ³)
459 2760 503 2793 cf.
531 2759 627 2801 Lips.
654 2759 695 2789 de
722 2757 842 2788 militia
879 2756 1048 2788 Romana.
1100 2755 1130 2793 1,
1156 2754 1179 2786 8
1209 2761 1242 2785 et
1269 2752 1311 2790 V,
1345 2752 1401 2786 19.

372 2818 407 2863 ιδ)
463 2819 656 2853 Gronovius
683 2817 737 2849 ad.
765 2815 848 2848 Tac.
877 2815 998 2856 Agric.
1032 2812 1088 2847 18.

374 2878 406 2922 ⁸)
458 2879 509 2913 Le
536 2878 643 2911 Beau.
671 2875 853 2908 uemoirea
880 2875 921 2907 de
948 2874 1146 2906 l'acsdemie
1175 2874 1233 2906 des
1261 2876 1360 2907 inser.
1389 2878 1413 2905 t.
1437 2871 1579 2905 XXXII
1607 2881 1641 2913 p.
1659 2869 1745 2903 301.
1777 2879 1829 2912 sq.

373 2937 406 2982 ⁶)
459 2938 597 2971 Ernesti
624 2936 666 2968 ad
707 2934 791 2968 Tac.
818 2933 869 2973 11,
899 2933 922 2966 2
948 2934 982 2966 in
1009 2942 1166 2965 excursu.

369 2996 403 3041 ⁷)
456 2997 594 3031 Graevii
620 2995 818 3027 Thesaurus
846 2994 891 3025 A.
921 2994 963 3024 R.
990 2998 1015 3024 t.
1043 2992 1078 3024 X
1105 3002 1140 3033 p.
1173 2989 1268 3024 1428
1298 2992 1343 3023 al.

370 3053 403 3100 ⁸)
456 3059 541 3090 Inde
566 3056 610 3087 ab
638 3055 807 3094 Augusto.
835 3053 925 3084 Hinc
951 3052 1188 3092 explicandum
1216 3056 1268 3083 est
1293 3051 1381 3091 quod
1408 3049 1497 3090 apud
1523 3047 1679 3080 Tacitum
1706 3047 1917 3089 potissimum
1930 3046 2097 3078 vexillarii
2125 3045 2341 3077 nominantur
2370 3051 2470 3087 atque
2499 3056 2539 3078 ex
2556 3047 2651 3079 illins

456 3116 541 3149 locis
567 3118 657 3146 recte
683 3111 943 3153 interpretandis
971 3111 1012 3141 de
1039 3118 1172 3141 summa
1200 3108 1407 3150 quaestionis
1436 3107 1561 3148 pendet
1586 3106 1760 3137 indicium.

373 3170 405 3217 ⁹)
458 3175 554 3209 Suet.
582 3174 674 3213 Aug.
706 3170 789 3205 100.
