2982 3685
1307 251 1593 295 ...13-

284 366 849 426 signiterflegionissmso
862 365 1104 425 signumad
1130 379 1233 412 eum
1242 364 1560 417 transtulerit;“
1600 364 1687 409 nisi
1700 364 1973 422 interpretari
2003 363 2108 408 velis
2121 367 2180 410 ein
2210 368 2502 424 ῧαῆιιειιπᾶῡπ
2533 378 2611 413 aon

284 445 352 487 bet
377 445 422 488 6.
450 442 604 497 aeglon,
633 447 682 485 ut
707 439 778 485 a'd·
792 438 1017 484 eohortem
1046 438 1234 497 aliquam
1263 437 1536 485 referendum
1562 437 1635 484 sit.

290 547 291 551 η
358 543 360 545 -
401 514 439 557 2.
491 512 676 558 Accedit
713 512 849 556 altera
887 511 1166 571 significatio,
1197 526 1286 569 qua
1312 510 1498 569 aquila
1535 525 1657 555 cum
1691 511 1877 555 decem
1923 511 2236 554 cohortium
2287 513 2619 570 insignibus

285 587 328 632 si
340 602 571 645 g-norum
601 586 824 630 nomine
854 586 1244 644 comprehenditur.
1290 585 1425 629 Ann.
1453 584 1478 628 Ι
1506 587 1587 631 42.
1625 584 1831 628 Primane
1844 592 1887 628 et
1915 584 2116 627 vicesima
2157 584 2363 643 legiones,
2392 585 2617 644 illasiguis

284 676 312 704 a
338 658 517 719 Tiberio
545 659 747 719 acceptis,
775 667 823 705 tu
851 667 916 705 tot
944 659 1210 718 proeliorum
1238 659 1357 704 socia
1383 666 1449 702 tot
1476 658 1680 716 praemiis
1698 666 1838 710 aucta,
1868 658 2092 716 egregiam
2122 658 2222 702 duci
2252 669 2397 703 vestro
2435 660 2619 719 gratiam

285 733 481 777 refertis?
512 758 561 766 —-
594 733 653 777 H.
684 731 777 776 111
823 734 897 777 10.
960 733 1097 783 „Mox
1135 747 1370 777 conversus
1399 733 1456 776 ad
1484 733 1609 790 signa
1622 740 1665 776 et
1694 731 1910 776 bellorum
1951 731 2057 775 deos
2089 756 2144 763 —
2175 732 2326 777 orabat
2355 733 2614 778 Antonium*

285 805 601 865 Complectitur
660 814 804 850 autem
851 815 894 850 et
922 806 1045 865 signa
1093 806 1339 851 cohortium
1380 813 1422 849 et
1467 806 1662 863 quinque
1718 805 1938 864 legionum
1985 805 2153 862 aquilas
2208 806 2397 865 generali
2447 808 2620 852 nomine

286 880 523 938 signorum.
553 879 664 924 Item
694 879 751 923 H.
781 878 872 924 ΙΙΙ
904 880 977 925 18.
1040 878 1142 932 „Ad
1170 887 1373 937 quartum
1402 894 1429 923 a
1458 878 1676 925 Cremona
1704 879 1891 938 lapidem
1932 879 2089 924 fulsere
2124 881 2247 940 signa
2275 881 2462 941 Rapacis
2490 891 2621 940 atque

287 952 494 998 Italicae“
525 952 615 996 noli
644 968 743 997 cum
772 952 937 997 Rittero
968 954 1022 997 de
1051 953 1155 997 solis
1186 952 1342 1010 aquilis
1370 953 1575 1011 cogitare,
1605 953 1682 996 sed
1709 953 1838 995 etiam
1866 953 1921 995 de
1950 954 2102 996 ceteris
2133 953 2314 1011 legionis
2329 956 2487 1012 signis,
2517 970 2617 999 oum

290 1026 337 1069 in
365 1041 538 1084 pugnae
583 1026 771 1084 imagine
801 1026 955 1069 vividis
1003 1025 1224 1070 coloribus
1263 1026 1478 1084 descripta
1526 1039 1615 1068 non
1654 1033 1753 1082 apte
1800 1026 1985 1069 duarum
2014 1026 2257 1081 aquilarum
2276 1059 2287 1078 ,
2319 1029 2395 1071 sed
2424 1029 2618 1072 omnium

295 1099 517 1157 signorum
549 1099 713 1158 species
744 1099 891 1144 oculos
921 1100 1046 1156 quasi
1074 1100 1395 1159 praestringens
1431 1099 1698 1143 exhibeatur.
1767 1097 1836 1143 cf.
1866 1099 1924 1141 H.
1955 1099 2028 1142 111
2068 1100 2123 1142 82
2152 1101 2280 1144 simul
2308 1101 2516 1160 fulgentia
2544 1117 2624 1160 per

287 1172 418 1217 colles
448 1172 617 1216 vexilla.
676 1172 734 1216 H.
766 1172 839 1217 IV
888 1175 963 1217 34.
1006 1173 1086 1225 „In
1115 1182 1348 1232 conspectu
1376 1183 1617 1218 castrorum
1645 1173 1849 1217 constitui
1878 1172 2003 1231 signa
2032 1197 2088 1205 —
2118 1173 2287 1218 Vocula
2315 1174 2475 1219 iubet.“
2508 1174 2622 1220 Sunt

291 1254 434 1290 autem
461 1246 630 1303 aquilae
660 1262 758 1290 cum
788 1247 921 1305 signis
952 1248 1208 1291 cohortium.
1239 1247 1298 1291 H.
1330 1248 1406 1291 1V
1436 1250 1508 1292 62.
1540 1246 1785 1299 „Revulsae
1814 1247 2123 1304 imperatorum
2150 1248 2374 1306 imagines,
2402 1248 2617 1293 inhonora

288 1320 412 1378 signa
440 1319 705 1379 fulgentibus
752 1320 854 1364 hinc
882 1321 982 1364 inde
1028 1320 1259 1365 Gallorum
1307 1321 1514 1365 vexillis.“
1593 1319 1844 1364 Detrectato
1874 1320 2007 1377 igitur
2036 1321 2216 1378 imperio
2247 1321 2401 1365 milites
2430 1337 2543 1379 quae
2573 1324 2619 1367 in

290 1393 426 1451 signis
455 1392 740 1450 portabantur
769 1393 976 1452 imagines
1006 1394 1281 1453 imperatoris
1309 1394 1478 1452 aliaque
1505 1394 1643 1438 laetae
1672 1393 1848 1436 militiae
1863 1402 2112 1436 ornamenta
2141 1394 2420 1447 revulseraut‚
2455 1404 2504 1438 ut
2533 1397 2619 1441 iam

289 1480 336 1510 re
367 1480 470 1510 vera
500 1474 642 1511 essent
670 1465 884 1509 inhonora
911 1466 1228 1525 incomptaque,
1258 1482 1357 1512 cum
1386 1482 1440 1510 ex
1468 1466 1605 1511 altera
1634 1473 1756 1525 parte
1786 1467 1973 1509 hostium
2001 1467 2213 1525 fulgerent
2242 1468 2410 1510 vexilla.

408 1539 476 1583 Ea
505 1548 569 1584 est
599 1541 664 1583 vis
695 1540 805 1597 signi
838 1540 1038 1583 vocabuli
1078 1555 1208 1584 sensu
1256 1556 1385 1598 quem
1413 1542 1562 1584 dicunt
1609 1540 1798 1599 generali
1841 1557 1868 1583 a
1895 1541 2047 1584 Tacito
2078 1542 2222 1584 multis
2268 1542 2376 1585 locis
2406 1544 2616 1599 usurpati.

409 1612 469 1656 II.
487 1612 738 1669 Sequuntur
758 1616 920 1672 signa
949 1614 1197 1657 arctiore
1226 1629 1393 1657 sensu
1422 1614 1859 1671 interpretanda
1878 1614 1940 1656 de
1968 1614 2289 1672 insignibus
2310 1623 2399 1658 aut
2428 1615 2622 1659 cohor-

290 1686 427 1729 tium
456 1685 706 1744 legionis
736 1695 830 1730 aut
858 1688 1424 1744 praetorianorum‘w)
1455 1687 1541 1729 vel
1570 1687 1859 1730 sociorum.

410 1760 448 1801 1.
479 1758 666 1801 Primo
716 1760 842 1804 loco
873 1749 1114 1817 legionis
1163 1761 1475 1803 cohortium
1525 1760 1756 1817 signam)
1815 1760 2102 1801 nominantur.
2165 1759 2296 1802 Anu.
2328 1760 2351 1802 1
2381 1762 2460 1803 37.
2507 1760 2622 1805 Cum

293 1830 387 1876 fisci
416 1832 470 1876 de
499 1832 759 1891 imperatore
788 1833 901 1892 rapti
929 1827 1040 1877 inter
1069 1833 1192 1891 signa
1221 1834 1416 1890 interque
1444 1832 1610 1889 aquilas
1648 1833 1917 1878 veherentur.
2002 1832 2128 1875 Ann.
2180 1831 2202 1875 1
2231 1833 2309 1876 39.
2369 1832 2467 1876 Illic
2496 1833 2621 1892 sigua

293 1913 336 1950 et
364 1906 554 1963 aquilam
584 1906 809 1965 amplexus
838 1906 1045 1965 religione
1074 1921 1166 1949 sese
1195 1905 1417 1949 tutabatur
1446 1906 1688 1964 (Plancus).
1748 1907 1882 1949 Anu.
1914 1906 2012 1949 XV
2046 1909 2112 1950 11.
2144 1906 2281 1963 Signa
2309 1914 2352 1948 et
2381 1906 2549 1962 aquilas
2581 1918 2623 1951 et

294 1993 452 2022 nomen
481 1978 661 2024 infelicis
692 1980 905 2023 exercitus
957 1988 1162 2023 tueretur.
1240 1978 1341 2022 XV
1391 1981 1463 2024 29.
1543 1980 1661 2025 Hinc
1704 1981 1877 2039 agmina
1906 1981 2127 2037 legionum
2171 1987 2325 2022 stetere
2356 1971 2620 2037 fulgentibus

296 2052 452 2109 aquilis
482 2054 716 2110 signisque.
776 2053 836 2095 H.
866 2053 961 2095 111
992 2055 1069 2095 22.
1130 2052 1326 2110 Abrepta
1364 2054 1576 2110 quaedam
1605 2054 1730 2112 signa
1761 2080 1812 2086 —
1844 2054 1986 2111 ipsum
2034 2053 2224 2108 aquilam
2253 2053 2447 2097 centurio
2477 2069 2621 2098 serva-

294 2133 425 2171 verat.
485 2125 580 2169 111
609 2128 636 2169 3
650 2128 686 2169 1.
747 2125 882 2184 Signa
910 2126 1164 2182 aquilasque
1193 2125 1395 2170 extulere.
1483 2127 1574 2171 111
1605 2128 1681 2172 50.
1755 2126 1891 2185 Signa
1920 2126 2172 2183 aquilasque
2219 2126 2457 2171 victricium
2487 2127 2623 2185 legio-

295 2216 413 2244 num.
472 2199 564 2243 ΙΙΙ
596 2202 672 2244 52.
733 2200 880 2244 Acciri
910 2200 1076 2256 aquilas
1106 2201 1314 2257 signaque
1342 2209 1385 2243 et
1414 2201 1626 2257 quidquid
1657 2200 1839 2244 militum
1867 2199 1990 2243 foret.
2051 2199 2141 2243 ΙΙΙ
2171 2200 2245 2243 60.
2347 2200 2533 2257 Aquilae
2562 2203 2621 2245 si-

294 2288 466 2332 gnaque
495 2273 727 2333 legionum.
787 2273 859 2317 IV
891 2275 965 2318 77.
1023 2274 1189 2318 Rarum
1218 2274 1336 2331 apud
1365 2274 1489 2332 signa
1518 2274 1694 2319 militem
1721 2282 1763 2316 et
1791 2288 1930 2331 prope
1960 2273 2271 2316 circumventas
2308 2273 2475 2330 aquilas
2492 2274 2619 2318 videt.

416 2351 454 2391 2.
486 2348 641 2391 Altero
671 2348 769 2392 loco
801 2347 911 2404 signi
944 2347 1155 2392 vocabulo
1187 2347 1363 2391 Tacitus
1393 2348 1528 2390 utitur
1555 2348 1600 2390 in
1631 2347 1907 2404 designandis
1938 2346 2076 2389 coho
2093 2346 2275 2389 rtibus
2305 2348 2622 2404 praetoria-

294 2436 501 2473 norum,
533 2419 872 2464 urbanorum
910 2419 1174 2472 militum,
1205 2419 1459 2477 vigilum,
1489 2419 1852 2479 sociorum.'⁴⁹)
1912 2418 1984 2464 Sic
2014 2419 2072 2463 H.
2112 2419 2136 2463 1
2165 2421 2241 2463 36.
2275 2419 2365 2472 „Ut
2394 2435 2482 2465 non
2513 2436 2617 2466 con-

293 2494 398 2539 tenti
426 2495 613 2539 medium
643 2496 753 2538 inter
783 2495 905 2553 signa
933 2493 1103 2538 vexillis
1132 2494 1486 2539 circumdarent.“
1549 2493 1702 2539 Sermo
1732 2503 1797 2538 est
1810 2494 1865 2538 de
1893 2493 2144 2539 cohortibus
2159 2495 2400 2551 praetoriis,
2432 2510 2617 2553 quarum

300 2568 460 2625 singuli
491 2568 663 2612 ordines
694 2568 784 2612 sive
810 2568 1025 2612 centuriae
1056 2567 1286 2611 utebantur
1315 2567 1496 2619 vexillis,
1527 2584 1626 2612 cum
1655 2569 1781 2626 signa
1799 2568 1918 2625 apud
1946 2583 2020 2611 eos
2049 2568 2292 2623 aquilarum
2333 2569 2424 2612 vice
2465 2570 2619 2628 funge-

294 2648 457 2685 rentur.
516 2640 574 2682 H.
605 2640 629 2682 I
659 2642 738 2683 44.
791 2641 937 2692 „Inter
966 2641 1089 2698 signa
1108 2640 1352 2684 cohortium
1381 2640 1501 2683 iuxta
1529 2641 1717 2697 aquilam
1731 2641 1964 2699 legionisz‘
2001 2640 2073 2683 ubi
2104 2641 2227 2697 signa
2241 2642 2617 2697 praetorianorum

294 2723 337 2758 et
365 2713 510 2771 aquila
537 2713 720 2772 legionis
749 2714 952 2759 classicae
981 2714 1134 2758 eodem
1162 2713 1258 2758 loco
1290 2721 1523 2772 ponuntur,
1555 2715 1673 2772 quod
1702 2724 1898 2759 accurate
1926 2714 2037 2757 inter
2066 2729 2111 2757 se
2142 2715 2417 2772 respondent.
2482 2716 2624 2761 Aliter

298 2803 345 2832 se
373 2787 503 2832 habet
531 2787 590 2831 H.
621 2787 644 2831 1
660 2787 683 2832 1
716 2789 791 2832 18.
855 2787 1106 2846 „Correptis
1136 2788 1269 2846 signis
1299 2788 1590 2846 vexillisque,“
1623 2804 1721 2833 cum
1751 2788 1875 2846 signa
1891 2787 2065 2845 quidem
2095 2787 2151 2830 ad
2180 2788 2357 2832 eosdem
2388 2790 2628 2848 praetoria-

306 2875 386 2904 nos
416 2860 641 2904 referenda
669 2860 767 2912 sint,
800 2860 954 2903 vexilla
981 2862 1036 2903 ad
1066 2861 1224 2905 electos
1253 2875 1277 2904 e
1306 2862 1572 2919 legionibus,
1602 2877 1712 2918 quos
1750 2861 1897 2918 paullo
1927 2876 2061 2917 supra
2098 2861 2347 2904 vexillarios
2376 2863 2622 2920 appellavit.

299 2935 358 2978 H.
387 2934 483 2978 III
513 2937 589 2977 21.
650 2934 737 2978 Hic
765 2935 1009 2991 aquilarum
1047 2935 1357 2993 signorumque
1388 2938 1464 2992 (sc.
1510 2935 1754 2979 cohortium
1782 2934 2077 2991 auxiliarium)
2111 2934 2234 2976 ordo.
2310 2934 2368 2977 H.
2418 2934 2509 2978 ΙΙΙ
2547 2937 2622 2978 24.

309 3008 423 3058 „Hic
457 3009 581 3066 signa
609 3023 814 3065 armaque
844 3018 986 3051 vestra
1016 3017 1156 3060 sunt“,
1247 3009 1478 3058 Antonius,
1507 3008 1761 3065 Vespasiani
1790 3008 1895 3058 dux,
1924 3008 2221 3064 praetorianos
2250 3007 2513 3064 adloquitur.
2572 3008 2632 3051 H.

351 3128 403 3172 ⁴⁷)
439 3131 484 3162 Et
493 3139 580 3173 quae
594 3131 741 3162 eiusdem
756 3131 954 3162 conditionis
969 3137 1065 3162 erant
1078 3130 1266 3161 cohortium
1280 3132 1485 3161 urbanarum
1501 3134 1533 3158 et
1544 3127 1696 3169 vigilum.
1716 3127 1771 3162 cf.
1788 3129 2021 3162 Kellermann.
2049 3128 2156 3170 vigil.
2171 3129 2271 3162 Rom.
2286 3129 2466 3162 Latet-cula
2476 3130 2629 3168 ἀπωθοῦ,

352 3185 404 3231 ⁴⁸)
443 3188 499 3225 Cf.
529 3188 811 3223 onem-nmen.
865 3189 972 3222 Inser.
1000 3189 1088 3229 Lat„
1114 3189 1171 3220 ubi
1198 3189 1326 3232 passim
1352 3194 1386 3219 et
1411 3189 1509 3229 sigua
1534 3193 1569 3220 et
1594 3187 1746 3230 signiferi
1773 3188 1944 3229 legionum
1974 3187 2190 3231 proferuntur

352 3245 404 3292 ²⁹)
439 3249 718 3284 Orelli-Heuzen.
777 3246 859 3283 154.
888 3248 1027 3292 signifer
1054 3249 1131 3281 coh.
1160 3247 1193 3280 V
1223 3249 1395 3281 Asturum.
1424 3246 1537 3281 3785.
1595 3247 1705 3281 Genio
1732 3253 1766 3281 et
1792 3249 1899 3290 signis
1925 3250 2002 3281 coh.
2032 3248 2060 3281 1.
2089 3247 2129 3279 F.
2159 3248 2205 3279 al.
