2982 3685
1368 173 1625 215 -6--

314 287 456 346 copiis
485 284 802 330 adnumerandi
832 285 944 337 sint,
974 300 1114 341 neque
1144 285 1226 329 sibi
1256 293 1426 329 constat
1441 284 1689 328 vexillarios
1734 284 1840 327 istos
1888 283 1945 326 ad
1972 283 2158 326 eundem
2207 284 2349 327 locum
2378 291 2607 327 veteranos
2637 300 2662 327 e

316 360 553 420 praetorio,
583 359 641 404 ad
670 358 789 403 Anu.
820 358 845 403 Ι
875 360 931 404 38
962 367 1004 402 et
1032 358 1082 403 11
1124 361 1177 402 17
1207 358 1470 416 legionarios
1508 356 1744 415 appellans.

430 432 640 492 Sequitur
668 432 729 479 H.
778 431 829 477 II
858 433 925 478 66.
959 430 1164 490 Angebat
1192 430 1415 477 Vitellium
1443 431 1654 477 victarum
1683 430 1904 491 legionum
1933 428 2271 488 haudquaquam
2298 430 2459 477 fractus
2481 430 2663 475 animus.

318 508 508 568 Sparsae
537 524 620 568 per
629 507 800 554 Italiam
817 513 860 551 et
887 504 1126 551 victoribus
1135 506 1373 564 permixtae
1394 506 1568 552 hostilia
1585 504 1888 564 loquebantur,
1919 505 2155 563 praecipua
2169 506 2663 563 quartadecumanorum

314 582 493 635 ferocia,
524 582 599 639 qui
616 597 661 626 se
676 581 812 625 victos
829 578 1099 624 abunebant:
1132 580 1340 638 quippe
1360 582 1726 626 Bedriacensi
1745 581 1870 624 acie
1886 578 2216 623 vexillariis
2246 589 2463 624 tantum
2481 579 2663 638 pulsis

315 655 733 714 vireslegionis
763 669 871 697 non
911 653 1177 697 adfuisse.
1207 653 1292 698 His
1306 655 1464 706 verbis,
1496 656 1654 712 quibus
1669 655 1843 713 planius
1874 654 1979 696 nihil
1994 654 2177 711 cogitari
2192 663 2347 711 potest,
2380 655 2662 699 Walchiuset

317 729 544 773 Ernestius
557 729 715 772 mirum
731 735 941 785 quantum
960 726 1202 771 abutuntur
1215 729 1272 772 ad
1303 744 1425 772 suam
1442 729 1497 772 de
1527 729 1760 773 vexillariis
1775 736 1850 771 aut
1870 727 2086 771 tironibus
2098 738 2173 771 aut
2191 729 2403 772 veteranis
2418 729 2666 786 opinionem

316 802 584 846 firmandam.
634 801 780 856 Quam
799 801 917 845 litem
946 810 1221 858 praereptam
1229 803 1314 846 iani
1326 803 1517 847 Pichena
1531 803 1592 846 ita
1611 803 1853 852 diremerat,
1874 808 1923 845 ut
1940 801 2187 845 vexillarios
2198 800 2282 845 hoc
2296 801 2395 846 loco
2413 802 2552 846 dictos
2566 801 2667 845 bina

317 876 434 918 milia
444 876 710 919 delectorum
721 889 775 918 ex
783 881 990 931 quattuor
999 875 1245 932 legionibus
1257 875 1524 927 Delmaticis,
1534 890 1644 933 quas
1654 875 1830 919 Tacitus
1842 874 1890 917 ΙΙ
1901 876 1954 921 21
1966 874 2224 932 praemissas
2236 874 2354 926 dicit,
2364 874 2666 933 intelligendos

316 964 411 993 esse
440 956 644 993 censeret.
704 948 860 1004 Neque
890 948 1005 990 enim
1034 948 1094 990 ita
1124 949 1236 991 vires
1266 949 1449 1007 legionis
1480 958 1764 1007 opponuntur
1792 948 2050 1000 vexillariis,
2081 956 2131 991 ut
2158 948 2256 992 illae
2303 949 2389 992 sint
2435 948 2586 1000 triarii,
2620 948 2664 992 hi
2708 981 2716 988 .

317 1023 481 1065 tirones
499 1053 512 1074 ,
542 1022 588 1064 id
619 1022 740 1077 quod
771 1021 979 1064 Ernestio
1010 1020 1259 1072 videbatur3
1298 1037 1436 1079 neque
1466 1023 1572 1080 quid
1611 1022 1693 1066 sibi
1734 1021 1835 1065 velit
1863 1020 2093 1065 Walchius
2134 1020 2327 1079 intelligo
2345 1054 2356 1074 ,
2388 1023 2424 1065 si
2453 1023 2665 1078 Tacitum,

318 1096 397 1151 qui
424 1095 642 1151 legionem
672 1095 860 1136 ferocem
891 1094 1104 1136 dicentem
1134 1094 1276 1145 faciat,
1307 1096 1426 1152 ipsos
1467 1110 1555 1137 non
1585 1109 1677 1137 esse
1708 1095 1884 1152 pulsos,
1915 1095 2100 1136 eundem
2148 1095 2385 1152 adiungere
2416 1109 2503 1137 non
2536 1108 2665 1152 posse

317 1175 455 1225 putet,
484 1168 655 1210 tertiam
685 1182 836 1209 eorum
867 1175 1034 1224 partem
1078 1167 1272 1224 fugatam
1301 1183 1407 1210 esse.
1475 1168 1679 1211 Ernestio
1709 1169 1908 1210 fraudem
1949 1168 2048 1211 fecit
2093 1169 2312 1226 oppositio
2343 1183 2454 1226 quae
2489 1170 2666 1213 videtur

320 1242 478 1284 virium
506 1242 689 1299 legionis
718 1251 761 1283 et
790 1241 1115 1282 vexillariorum
1161 1256 1212 1282 ea
1256 1243 1432 1297 quidem
1448 1273 1458 1292 ,
1490 1250 1539 1283 ut
1567 1243 1680 1284 vires
1712 1250 1916 1298 quattuor
1944 1243 2164 1299 legionum
2195 1244 2281 1284 sint
2329 1244 2516 1285 sedecim
2549 1243 2668 1285 milia

320 1326 528 1372 tanquam
559 1315 698 1358 robur
742 1316 956 1357 exercitus
1000 1315 1173 1365 relicta,
1220 1316 1432 1358 vexillarii
1482 1324 1580 1358 octo
1625 1317 1742 1357 milia
1771 1316 1895 1370 (bina
1925 1316 2043 1357 milia
2085 1331 2139 1357 ex
2188 1316 2370 1372 singulis
2399 1316 2664 1374 legionibus)

319 1391 567 1447 praemissa.
627 1389 696 1430 Ita
726 1389 902 1443 quidem
931 1387 1034 1429 bina
1064 1388 1182 1429 milia
1238 1389 1560 1445 interpretanda
1589 1403 1704 1440 esse,
1768 1389 2009 1430 Hertelium
2040 1388 2202 1446 fugisse
2232 1387 2357 1431 valde
2387 1389 2542 1438 miror3
2585 1389 2667 1432 sci-

322 1464 424 1506 licet
452 1478 541 1505 non
571 1462 803 1504 attendisse
833 1462 1005 1503 videtur
1036 1462 1101 1503 vir
1132 1462 1298 1512 doctus,
1332 1477 1421 1504 non
1452 1463 1541 1505 duo
1571 1463 1689 1504 milia
1718 1478 1773 1504 ex
1803 1470 2011 1518 quattuor
2031 1462 2113 1505 illis
2144 1462 2388 1520 legionibus
2420 1463 2667 1518 promiscue

320 1537 561 1592 praemissa
591 1550 696 1585 esse,
728 1536 804 1577 sed
833 1534 936 1576 bina
965 1534 1095 1576 milia.
1155 1535 1207 1577 cf.
1238 1535 1407 1582 Hertel,
1436 1535 1462 1576 l.
1493 1535 1518 1576 l.
1554 1551 1595 1591 p.
1628 1536 1695 1579 93.
1758 1534 1968 1588 Quamvis
1998 1535 2112 1577 enim
2151 1535 2252 1577 bina
2283 1535 2399 1576 milia
2439 1550 2521 1591 pro
2554 1536 2666 1576 duo·

320 1608 404 1652 bus
433 1608 608 1652 milibus
639 1607 780 1651 rarius
796 1607 980 1658 dicatur,
1012 1615 1157 1651 tamen
1187 1608 1304 1664 apud
1321 1608 1518 1652 Tacitum
1548 1609 1623 1652 vix
1640 1609 1777 1652 ullum
1807 1609 1954 1652 locum
1985 1609 2188 1666 reperies,
2219 1624 2307 1664 quo
2338 1608 2666 1650 distributivum

321 1682 542 1727 numerale
572 1681 805 1726 cardinalis
834 1681 932 1725 loco
962 1689 1217 1739 usurpatum
1234 1682 1300 1726 sic
1326 1698 1528 1726 numeros
1557 1683 1676 1740 ipsos
1706 1683 1911 1727 continuo
1941 1697 2137 1726 sermone
2167 1683 2367 1740 excipiat.
2386 1684 2441 1738 20)
2486 1681 2668 1726 Accedit

323 1757 444 1814 quod
473 1757 534 1799 H.
566 1755 615 1799 II
660 1758 714 1799 66
768 1756 1135 1812 quartadecimani
1165 1771 1251 1798 non
1282 1757 1454 1807 dicunt,
1485 1757 1719 1800 vexillariis
1749 1766 1916 1800 tantum
1959 1757 2120 1813 pulsis,
2150 1758 2264 1799 vires
2294 1757 2547 1813 legionum
2578 1771 2667 1798 non

324 1829 526 1880 adfuisse,
558 1829 635 1872 sed
682 1843 785 1871 suae
814 1828 1033 1886 legionis,
1066 1830 1185 1884 quod
1202 1829 1327 1885 plane
1344 1828 1538 1885 ineptum
1553 1837 1678 1880 esset,
1709 1830 1744 1872 si
1761 1830 1863 1872 bina
1878 1830 2094 1872 milianon
2110 1844 2165 1872 ex
2195 1829 2375 1887 singulis
2404 1828 2668 1886 legionibus,

325 1904 401 1946 sed
431 1904 519 1946 duo
550 1902 669 1946 milia
697 1917 752 1945 ex
782 1910 874 1944 toto
905 1903 1095 1945 exercitu
1125 1904 1370 1958 promiscue
1400 1903 1523 1945 electi
1562 1903 1751 1946 fuissent.
1814 1904 2045 1946 Praeterea
2078 1903 2205 1945 etiam
2236 1903 2294 1944 H.
2335 1903 2384 1944 II
2413 1904 2470 1944 43
2499 1903 2667 1945 tertiam

326 1977 536 2020 decimam
566 1976 782 2034 legionem
813 1976 901 2018 sive
931 1976 1121 2019 delectos
1152 1991 1206 2019 ex
1246 1991 1298 2019 ea
1327 1977 1509 2033 legione,
1540 1992 1651 2032 quae
1693 1977 1741 2020 II
1774 1979 1840 2021 11.
1872 1978 1984 2020 inter
2014 1984 2220 2033 quattuor
2240 1976 2334 2019 illas
2388 1984 2667 2027 memoratur,

325 2050 581 2108 propulsam
612 2064 705 2092 esse
735 2049 933 2106 legimus,
963 2049 1024 2092 ita
1053 2045 1219 2092 ut'duo
1250 2049 1368 2092 milia
1397 2065 1451 2092 ex
1480 2059 1573 2094 toto
1604 2051 1795 2094 exercitu
1825 2051 1976 2094 delecti
2007 2051 2080 2093 vix
2111 2050 2292 2109 cogitari
2321 2050 2500 2108 possint.

442 2125 508 2169 Ut
536 2140 672 2182 porro
702 2123 861 2167 vexilla
889 2123 1086 2181 inprimis
1116 2139 1208 2166 esse
1238 2123 1422 2166 militum
1438 2139 1476 2167 ae
1505 2123 1751 2182 legionibus
1781 2125 1849 2168 vel
1880 2125 2131 2168 cohortibus
2164 2126 2231 2168 vel
2261 2126 2345 2167 alio
2376 2125 2550 2167 militiae
2595 2140 2668 2183 ge-

326 2214 427 2242 nere
458 2198 738 2247 delectorum,
768 2197 926 2240 clarius
946 2198 1247 2254 perspiciatur,
1276 2197 1543 2240 luculentum
1572 2199 1705 2241 affero
1736 2199 2040 2242 testimonium.
2073 2199 2131 2241 H.
2162 2199 2210 2241 II
2240 2200 2309 2242 89.
2342 2198 2442 2255 Ipse
2470 2198 2668 2242 Vitellius

327 2281 459 2330 ponte
490 2271 660 2314 Mulvio
690 2271 848 2328 insigni
878 2286 1007 2326 equo,
1037 2271 1268 2331 paludatus
1297 2272 1612 2328 accinctusque,
1644 2282 1838 2315 senatum
1869 2282 1911 2315 et
1940 2274 2150 2331 populum
2179 2281 2277 2316 ante
2327 2288 2372 2316 se
2403 2288 2549 2331 agens,
2581 2287 2668 2329 quo

329 2347 471 2388 minus
501 2354 549 2387 ut
586 2354 756 2402 captam
793 2344 946 2386 urbem
986 2346 1310 2403 ingrederetur,
1341 2346 1580 2388 amicorum
1616 2347 1797 2390 consilio
1847 2348 2096 2400 deterritus,
2137 2355 2309 2405 sumpta
2352 2354 2575 2405 praetexta
2622 2354 2665 2389 et

329 2422 572 2477 composito
603 2419 988 2476 agmimeincessit.
1021 2419 1309 2471 Quattuor
1338 2421 1628 2476 legionum
1657 2422 1879 2476 aquilae
1908 2436 2004 2478 per
2041 2422 2282 2464 frontem
2323 2421 2671 2476 totidemque

329 2494 479 2536 circa
508 2508 531 2534 e
560 2492 893 2549 legionibus
924 2493 1058 2534 aliis
1089 2493 1312 2543 vexilla,
1346 2508 1465 2534 mox
1494 2494 1793 2537 duodecim
1825 2495 2040 2537 alarum
2085 2496 2247 2553 signa
2275 2502 2328 2537 et
2356 2502 2487 2550 post
2516 2494 2669 2550 pedi-

330 2574 441 2609 tum
470 2566 701 2609 ordines
731 2579 914 2620 eques,
945 2565 1074 2608 dein
1106 2573 1369 2621 quattuor
1398 2575 1449 2610 et
1478 2567 1720 2624 triginta
1750 2569 2039 2619 cohortes,
2071 2579 2129 2612 ut
2158 2568 2385 2611 nomina
2426 2567 2669 2624 gentium

328 2648 425 2683 aut
455 2640 670 2696 species
700 2654 977 2687 armorum
1007 2639 1192 2683 forent
1221 2639 1510 2683 discretae.

447 2712 649 2756 Vitellius
697 2712 829 2769 igitur
857 2713 997 2756 victor
1035 2721 1136 2771 post
1172 2729 1365 2771 pugnam
1402 2713 1732 2757 Bedriacensem
1771 2713 1924 2757 urbem
1953 2715 2200 2772 ingrediens
2242 2714 2492 2757 universum
2524 2728 2670 2757 secum

331 2788 451 2831 ducit
480 2787 730 2838 exercitum,
761 2787 884 2829 cuius
915 2787 1108 2846 singulae
1138 2794 1283 2844 partes
1297 2786 1358 2828 ita
1373 2786 1656 2839 collocantur,
1688 2797 1735 2829 ut
1764 2802 1864 2830 cum
1893 2795 1990 2830 ante
2003 2788 2192 2844 primum
2220 2800 2375 2845 agmen
2405 2786 2666 2843 praecedant

332 2862 503 2921 aquilae
533 2869 740 2920 quattuor
768 2861 987 2920 legionum
1024 2862 1291 2920 integrarum
1328 2875 1386 2904 sc.
1433 2861 1599 2919 primae
1642 2861 1818 2906 Italicae
1834 2894 1845 2914 ,
1877 2862 2074 2919 quintae,
2105 2861 2434 2906 unetvicesimae
2466 2860 2667 2919 Rapacis,

334 2937 710 2988 duoetvicesimae,
730 2940 780 2987 ²¹)
805 2937 858 2979 iis
887 2936 1090 3009 adiuncta
1117 2924 1277 2980 fuerint
1318 2943 1526 2991 quattuor
1555 2936 1714 2979 vexilla
1741 2936 1915 2979 illarum
1947 2936 2168 2994 legionum
2211 2935 2584 2988 Germanicarum,
2613 2950 2668 2980 cx

386 3109 435 3155 ²⁰)
470 3114 516 3147 cf.
545 3114 639 3148 Anu.
666 3114 685 3147 1
713 3112 748 3149 8.
776 3113 847 3146 XV
878 3113 936 3147 10.
966 3114 1103 3155 singula
1131 3114 1224 3147 milia
1251 3125 1294 3148 ex
1320 3114 1431 3148 tribus
1459 3114 1661 3156 legionibus,
1691 3115 1725 3148 h.
1755 3124 1784 3146 e.
1811 3115 1878 3146 tria
1904 3114 1999 3146 milia
2026 3114 2304 3156 legionariorum.

388 3170 441 3214 2¹)
476 3173 522 3206 cf.
547 3179 661 3206 tamen
686 3173 778 3205 infra
804 3174 847 3205 ad
874 3172 919 3206 Η.
948 3173 987 3205 11
1018 3172 1100 3206 100.
